date,webpage,brand,impressions,clicks,revenue,rev / conv
1/1/23,runnation.com,On Cloud,8325,823,"$3,420",$60
1/1/23,runnation.com,Hoka,7874,503,"$2,480",$62
1/1/23,runnation.com,Nike,6987,500,"$1,140",$30
1/1/23,runnation.com,New Balance,4757,294,$385,$35
1/1/23,runnation.com,Saucony,4444,297,"$1,080",$45
1/1/23,runnation.com,Asics,4371,194,$175,$35
1/1/23,runnation.com,Adidas,3352,205,$387,$43
1/1/23,runnation.com,Brooks,3333,273,$960,$40
1/1/23,runnation.com,Altra,2612,129,$240,$40
1/1/23,runnation.com,Under Armour,1022,64,$60,$20
1/1/23,runnation.com,Mizuno,893,73,$150,$50
1/2/23,runnation.com,On Cloud,8582,909,"$3,120",$60
1/2/23,runnation.com,Hoka,6542,369,"$1,518",$69
1/2/23,runnation.com,New Balance,5856,454,$490,$35
1/2/23,runnation.com,Nike,5737,319,$600,$30
1/2/23,runnation.com,Saucony,4496,306,$945,$45
1/2/23,runnation.com,Asics,4001,165,$245,$35
1/2/23,runnation.com,Brooks,3557,417,"$1,360",$40
1/2/23,runnation.com,Adidas,2826,144,$450,$45
1/2/23,runnation.com,Altra,2784,174,$400,$40
1/2/23,runnation.com,Mizuno,1141,101,$250,$50
1/2/23,runnation.com,Under Armour,1134,58,$40,$20
1/3/23,runnation.com,Hoka,6949,444,"$2,304",$72
1/3/23,runnation.com,On Cloud,6798,660,"$3,060",$60
1/3/23,runnation.com,Nike,6739,573,"$1,260",$30
1/3/23,runnation.com,New Balance,4550,258,$420,$35
1/3/23,runnation.com,Asics,4362,214,$175,$35
1/3/23,runnation.com,Saucony,4221,243,$765,$45
1/3/23,runnation.com,Adidas,3392,211,$405,$45
1/3/23,runnation.com,Brooks,3061,275,$880,$40
1/3/23,runnation.com,Altra,2891,212,$400,$40
1/3/23,runnation.com,Under Armour,1211,75,$60,$20
1/3/23,runnation.com,Mizuno,1151,93,$300,$50
1/4/23,runnation.com,On Cloud,7554,466,"$1,680",$60
1/4/23,runnation.com,Hoka,7013,503,"$2,220",$74
1/4/23,runnation.com,Nike,6553,348,$690,$30
1/4/23,runnation.com,New Balance,5438,483,$875,$35
1/4/23,runnation.com,Brooks,4335,373,"$1,280",$40
1/4/23,runnation.com,Asics,4129,166,$175,$35
1/4/23,runnation.com,Saucony,3567,262,$945,$45
1/4/23,runnation.com,Altra,2754,168,$320,$40
1/4/23,runnation.com,Adidas,2604,149,$450,$45
1/4/23,runnation.com,Mizuno,1100,49,$100,$50
1/4/23,runnation.com,Under Armour,954,47,$40,$20
1/5/23,runnation.com,On Cloud,8117,866,"$4,200",$60
1/5/23,runnation.com,Hoka,7598,461,"$2,592",$72
1/5/23,runnation.com,Nike,7268,412,$960,$30
1/5/23,runnation.com,New Balance,5732,365,$700,$35
1/5/23,runnation.com,Asics,4008,216,$280,$35
1/5/23,runnation.com,Saucony,3216,308,$945,$45
1/5/23,runnation.com,Brooks,3193,344,"$1,120",$40
1/5/23,runnation.com,Adidas,2703,137,$369,$41
1/5/23,runnation.com,Altra,2658,110,$280,$40
1/5/23,runnation.com,Mizuno,1044,55,$200,$50
1/5/23,runnation.com,Under Armour,1025,80,$40,$20
1/6/23,runnation.com,On Cloud,7644,552,"$2,640",$60
1/6/23,runnation.com,Hoka,7312,567,"$3,024",$63
1/6/23,runnation.com,Nike,7017,548,"$1,080",$30
1/6/23,runnation.com,New Balance,4516,304,$420,$35
1/6/23,runnation.com,Asics,4023,164,$210,$35
1/6/23,runnation.com,Brooks,4011,343,$960,$40
1/6/23,runnation.com,Saucony,3406,197,$720,$45
1/6/23,runnation.com,Altra,2806,222,$480,$40
1/6/23,runnation.com,Adidas,2751,169,$504,$42
1/6/23,runnation.com,Under Armour,1037,75,$40,$20
1/6/23,runnation.com,Mizuno,993,47,$100,$50
1/7/23,runnation.com,On Cloud,7933,822,"$2,940",$60
1/7/23,runnation.com,Hoka,6105,396,"$2,108",$62
1/7/23,runnation.com,Nike,6079,508,$990,$30
1/7/23,runnation.com,New Balance,6023,449,$875,$35
1/7/23,runnation.com,Saucony,4684,395,"$1,395",$45
1/7/23,runnation.com,Brooks,4221,369,"$1,160",$40
1/7/23,runnation.com,Asics,4186,247,$350,$35
1/7/23,runnation.com,Adidas,2951,196,$504,$42
1/7/23,runnation.com,Altra,2926,176,$360,$40
1/7/23,runnation.com,Under Armour,1211,86,$40,$20
1/7/23,runnation.com,Mizuno,853,51,$150,$50
1/8/23,runnation.com,Hoka,7487,399,"$1,500",$60
1/8/23,runnation.com,On Cloud,6606,667,"$3,060",$60
1/8/23,runnation.com,New Balance,5963,367,$490,$35
1/8/23,runnation.com,Nike,5644,479,$990,$30
1/8/23,runnation.com,Saucony,4931,368,"$1,260",$45
1/8/23,runnation.com,Brooks,4489,527,"$1,280",$40
1/8/23,runnation.com,Asics,4471,183,$245,$35
1/8/23,runnation.com,Adidas,3094,227,$462,$42
1/8/23,runnation.com,Altra,2967,236,$480,$40
1/8/23,runnation.com,Mizuno,1067,75,$200,$50
1/8/23,runnation.com,Under Armour,977,56,$40,$20
1/9/23,runnation.com,On Cloud,6585,569,"$3,060",$60
1/9/23,runnation.com,Nike,6290,554,"$1,140",$30
1/9/23,runnation.com,New Balance,6224,536,$980,$35
1/9/23,runnation.com,Hoka,6175,414,"$1,587",$69
1/9/23,runnation.com,Asics,4309,189,$280,$35
1/9/23,runnation.com,Saucony,4142,324,$900,$45
1/9/23,runnation.com,Brooks,3964,409,"$1,080",$40
1/9/23,runnation.com,Adidas,3230,237,$645,$43
1/9/23,runnation.com,Altra,2752,165,$360,$40
1/9/23,runnation.com,Mizuno,1140,97,$200,$50
1/9/23,runnation.com,Under Armour,998,66,$60,$20
1/10/23,runnation.com,On Cloud,8419,921,"$3,360",$60
1/10/23,runnation.com,Hoka,6746,388,"$1,922",$62
1/10/23,runnation.com,Nike,6231,353,$750,$30
1/10/23,runnation.com,New Balance,6023,318,$525,$35
1/10/23,runnation.com,Saucony,4444,245,$810,$45
1/10/23,runnation.com,Asics,3924,188,$350,$35
1/10/23,runnation.com,Brooks,3438,358,"$1,280",$40
1/10/23,runnation.com,Adidas,3215,259,$572,$44
1/10/23,runnation.com,Altra,2698,131,$240,$40
1/10/23,runnation.com,Under Armour,1113,82,$40,$20
1/10/23,runnation.com,Mizuno,1085,52,$200,$50
1/11/23,runnation.com,On Cloud,8451,797,"$3,780",$60
1/11/23,runnation.com,Hoka,7008,431,"$1,536",$64
1/11/23,runnation.com,Nike,5879,408,$900,$30
1/11/23,runnation.com,New Balance,5853,438,$840,$35
1/11/23,runnation.com,Saucony,4910,411,"$1,440",$45
1/11/23,runnation.com,Asics,4493,255,$455,$35
1/11/23,runnation.com,Brooks,3379,364,$960,$40
1/11/23,runnation.com,Altra,2997,174,$320,$40
1/11/23,runnation.com,Adidas,2917,221,$600,$40
1/11/23,runnation.com,Mizuno,1082,52,$150,$50
1/11/23,runnation.com,Under Armour,963,63,$20,$20
1/12/23,runnation.com,On Cloud,7570,816,"$2,820",$60
1/12/23,runnation.com,Nike,6821,498,"$1,020",$30
1/12/23,runnation.com,Hoka,6251,379,"$2,550",$75
1/12/23,runnation.com,New Balance,5823,442,$735,$35
1/12/23,runnation.com,Asics,4470,295,$455,$35
1/12/23,runnation.com,Brooks,4339,364,"$1,200",$40
1/12/23,runnation.com,Saucony,3777,342,$945,$45
1/12/23,runnation.com,Adidas,3307,235,$430,$43
1/12/23,runnation.com,Altra,2894,190,$400,$40
1/12/23,runnation.com,Mizuno,1186,52,$150,$50
1/12/23,runnation.com,Under Armour,1058,62,$60,$20
1/13/23,runnation.com,On Cloud,7635,585,"$2,700",$60
1/13/23,runnation.com,Nike,7282,389,$750,$30
1/13/23,runnation.com,Hoka,6292,393,"$1,920",$64
1/13/23,runnation.com,Saucony,4979,265,$810,$45
1/13/23,runnation.com,New Balance,4964,421,$770,$35
1/13/23,runnation.com,Asics,4379,212,$245,$35
1/13/23,runnation.com,Brooks,3247,357,"$1,200",$40
1/13/23,runnation.com,Altra,2967,180,$360,$40
1/13/23,runnation.com,Adidas,2839,207,$520,$40
1/13/23,runnation.com,Mizuno,1016,83,$200,$50
1/13/23,runnation.com,Under Armour,1013,61,$20,$20
1/14/23,runnation.com,Hoka,7307,381,"$1,848",$66
1/14/23,runnation.com,On Cloud,6755,528,"$1,860",$60
1/14/23,runnation.com,Nike,6004,426,$870,$30
1/14/23,runnation.com,New Balance,5284,318,$560,$35
1/14/23,runnation.com,Brooks,4417,389,"$1,080",$40
1/14/23,runnation.com,Asics,3923,180,$245,$35
1/14/23,runnation.com,Saucony,3760,239,$765,$45
1/14/23,runnation.com,Adidas,3404,230,$462,$42
1/14/23,runnation.com,Altra,2785,178,$320,$40
1/14/23,runnation.com,Under Armour,1229,96,$80,$20
1/14/23,runnation.com,Mizuno,1037,48,$150,$50
1/15/23,runnation.com,On Cloud,8612,622,"$2,340",$60
1/15/23,runnation.com,Hoka,6515,493,"$2,814",$67
1/15/23,runnation.com,New Balance,5920,305,$630,$35
1/15/23,runnation.com,Nike,5857,498,$990,$30
1/15/23,runnation.com,Saucony,4974,272,$765,$45
1/15/23,runnation.com,Brooks,4457,371,"$1,120",$40
1/15/23,runnation.com,Asics,3914,210,$210,$35
1/15/23,runnation.com,Adidas,2670,139,$352,$44
1/15/23,runnation.com,Altra,2551,161,$400,$40
1/15/23,runnation.com,Under Armour,1097,86,$40,$20
1/15/23,runnation.com,Mizuno,857,55,$150,$50
1/16/23,runnation.com,Hoka,7489,639,"$3,233",$61
1/16/23,runnation.com,Nike,7246,535,$990,$30
1/16/23,runnation.com,On Cloud,6857,587,"$2,160",$60
1/16/23,runnation.com,New Balance,5122,268,$455,$35
1/16/23,runnation.com,Saucony,4767,407,"$1,125",$45
1/16/23,runnation.com,Brooks,4090,425,"$1,120",$40
1/16/23,runnation.com,Asics,4002,172,$175,$35
1/16/23,runnation.com,Adidas,3009,209,$360,$40
1/16/23,runnation.com,Altra,2690,211,$480,$40
1/16/23,runnation.com,Under Armour,1343,101,$80,$20
1/16/23,runnation.com,Mizuno,1155,104,$250,$50
1/17/23,runnation.com,On Cloud,7998,482,"$2,220",$60
1/17/23,runnation.com,Hoka,6842,413,"$1,980",$60
1/17/23,runnation.com,New Balance,5924,314,$420,$35
1/17/23,runnation.com,Nike,5809,485,"$1,050",$30
1/17/23,runnation.com,Asics,4244,264,$280,$35
1/17/23,runnation.com,Brooks,3960,321,"$1,120",$40
1/17/23,runnation.com,Saucony,3783,221,$630,$45
1/17/23,runnation.com,Adidas,3137,282,$540,$45
1/17/23,runnation.com,Altra,2981,168,$320,$40
1/17/23,runnation.com,Under Armour,1253,59,$60,$20
1/17/23,runnation.com,Mizuno,853,54,$150,$50
1/18/23,runnation.com,On Cloud,8305,705,"$3,240",$60
1/18/23,runnation.com,Hoka,6910,583,"$2,684",$61
1/18/23,runnation.com,Nike,6667,579,"$1,350",$30
1/18/23,runnation.com,New Balance,5850,443,$525,$35
1/18/23,runnation.com,Saucony,4891,278,$855,$45
1/18/23,runnation.com,Brooks,4264,485,"$1,560",$40
1/18/23,runnation.com,Asics,3972,169,$280,$35
1/18/23,runnation.com,Adidas,3297,251,$720,$45
1/18/23,runnation.com,Altra,2688,160,$280,$40
1/18/23,runnation.com,Under Armour,1191,51,$20,$20
1/18/23,runnation.com,Mizuno,841,45,$150,$50
1/19/23,runnation.com,Hoka,7966,713,"$3,744",$72
1/19/23,runnation.com,On Cloud,7762,485,"$1,800",$60
1/19/23,runnation.com,Nike,6590,372,$810,$30
1/19/23,runnation.com,New Balance,5219,449,$490,$35
1/19/23,runnation.com,Saucony,4442,231,$765,$45
1/19/23,runnation.com,Asics,3919,257,$280,$35
1/19/23,runnation.com,Adidas,3303,295,$779,$41
1/19/23,runnation.com,Brooks,3248,293,"$1,000",$40
1/19/23,runnation.com,Altra,2658,205,$440,$40
1/19/23,runnation.com,Under Armour,923,63,$20,$20
1/19/23,runnation.com,Mizuno,897,41,$150,$50
1/20/23,runnation.com,On Cloud,8618,891,"$3,720",$60
1/20/23,runnation.com,Nike,6855,547,"$1,080",$30
1/20/23,runnation.com,Hoka,6541,545,"$2,772",$63
1/20/23,runnation.com,New Balance,5784,326,$385,$35
1/20/23,runnation.com,Asics,3801,210,$280,$35
1/20/23,runnation.com,Saucony,3687,313,"$1,080",$45
1/20/23,runnation.com,Adidas,3301,235,$484,$44
1/20/23,runnation.com,Brooks,3091,264,$800,$40
1/20/23,runnation.com,Altra,2577,145,$280,$40
1/20/23,runnation.com,Under Armour,1261,63,$60,$20
1/20/23,runnation.com,Mizuno,1113,99,$200,$50
1/21/23,runnation.com,Hoka,7872,567,"$2,835",$63
1/21/23,runnation.com,On Cloud,7833,819,"$2,760",$60
1/21/23,runnation.com,Nike,6955,371,$720,$30
1/21/23,runnation.com,Saucony,4717,297,$855,$45
1/21/23,runnation.com,New Balance,4640,403,$455,$35
1/21/23,runnation.com,Asics,3892,233,$175,$35
1/21/23,runnation.com,Brooks,3816,342,"$1,160",$40
1/21/23,runnation.com,Adidas,3374,198,$520,$40
1/21/23,runnation.com,Altra,2520,202,$360,$40
1/21/23,runnation.com,Under Armour,1220,74,$60,$20
1/21/23,runnation.com,Mizuno,1044,57,$200,$50
1/22/23,runnation.com,On Cloud,8117,630,"$2,520",$60
1/22/23,runnation.com,Hoka,7610,623,"$3,355",$61
1/22/23,runnation.com,Nike,6697,392,$840,$30
1/22/23,runnation.com,Saucony,4654,404,"$1,305",$45
1/22/23,runnation.com,Asics,4313,271,$385,$35
1/22/23,runnation.com,New Balance,4210,301,$630,$35
1/22/23,runnation.com,Adidas,3500,283,$672,$42
1/22/23,runnation.com,Brooks,3345,274,"$1,000",$40
1/22/23,runnation.com,Altra,2644,212,$440,$40
1/22/23,runnation.com,Under Armour,916,71,$60,$20
1/22/23,runnation.com,Mizuno,825,68,$150,$50
1/23/23,runnation.com,On Cloud,7975,572,"$2,640",$60
1/23/23,runnation.com,Hoka,7920,566,"$3,266",$71
1/23/23,runnation.com,New Balance,5842,390,$700,$35
1/23/23,runnation.com,Nike,5705,498,"$1,020",$30
1/23/23,runnation.com,Asics,4003,201,$315,$35
1/23/23,runnation.com,Saucony,4002,224,$765,$45
1/23/23,runnation.com,Brooks,3665,296,$840,$40
1/23/23,runnation.com,Adidas,3275,265,$504,$42
1/23/23,runnation.com,Altra,2580,182,$400,$40
1/23/23,runnation.com,Mizuno,1022,72,$150,$50
1/23/23,runnation.com,Under Armour,959,66,$60,$20
1/24/23,runnation.com,Hoka,7572,659,"$3,588",$69
1/24/23,runnation.com,On Cloud,7185,575,"$2,520",$60
1/24/23,runnation.com,Nike,6654,459,"$1,080",$30
1/24/23,runnation.com,New Balance,5446,370,$630,$35
1/24/23,runnation.com,Brooks,4470,368,"$1,240",$40
1/24/23,runnation.com,Asics,4292,211,$280,$35
1/24/23,runnation.com,Saucony,4249,260,$945,$45
1/24/23,runnation.com,Adidas,3246,251,$516,$43
1/24/23,runnation.com,Altra,2975,142,$320,$40
1/24/23,runnation.com,Under Armour,1317,68,$60,$20
1/24/23,runnation.com,Mizuno,831,63,$150,$50
1/25/23,runnation.com,Nike,7265,445,"$1,080",$30
1/25/23,runnation.com,Hoka,6685,408,"$2,160",$72
1/25/23,runnation.com,On Cloud,6531,462,"$1,500",$60
1/25/23,runnation.com,New Balance,6283,415,$525,$35
1/25/23,runnation.com,Saucony,4623,441,"$1,485",$45
1/25/23,runnation.com,Asics,3995,181,$245,$35
1/25/23,runnation.com,Brooks,3433,326,$800,$40
1/25/23,runnation.com,Adidas,2801,230,$585,$45
1/25/23,runnation.com,Altra,2753,204,$400,$40
1/25/23,runnation.com,Under Armour,985,65,$60,$20
1/25/23,runnation.com,Mizuno,830,68,$200,$50
1/26/23,runnation.com,Hoka,7822,421,"$2,088",$72
1/26/23,runnation.com,On Cloud,6928,689,"$2,160",$60
1/26/23,runnation.com,Nike,5744,487,"$1,050",$30
1/26/23,runnation.com,New Balance,4656,325,$665,$35
1/26/23,runnation.com,Saucony,4654,289,$945,$45
1/26/23,runnation.com,Brooks,4258,448,"$1,480",$40
1/26/23,runnation.com,Asics,3921,230,$385,$35
1/26/23,runnation.com,Adidas,3063,202,$616,$44
1/26/23,runnation.com,Altra,2706,154,$280,$40
1/26/23,runnation.com,Under Armour,1311,69,$40,$20
1/26/23,runnation.com,Mizuno,1091,73,$150,$50
1/27/23,runnation.com,Hoka,8164,656,"$3,150",$70
1/27/23,runnation.com,On Cloud,6728,534,"$2,460",$60
1/27/23,runnation.com,Nike,6089,495,"$1,020",$30
1/27/23,runnation.com,New Balance,4942,388,$455,$35
1/27/23,runnation.com,Saucony,4819,366,"$1,215",$45
1/27/23,runnation.com,Asics,4106,285,$315,$35
1/27/23,runnation.com,Brooks,3808,389,"$1,320",$40
1/27/23,runnation.com,Adidas,3412,272,$731,$43
1/27/23,runnation.com,Altra,2954,207,$360,$40
1/27/23,runnation.com,Under Armour,903,56,$60,$20
1/27/23,runnation.com,Mizuno,865,49,$150,$50
1/28/23,runnation.com,On Cloud,8405,609,"$1,860",$60
1/28/23,runnation.com,Hoka,7931,407,"$1,464",$61
1/28/23,runnation.com,Nike,7103,580,"$1,260",$30
1/28/23,runnation.com,New Balance,4867,381,$630,$35
1/28/23,runnation.com,Saucony,4561,415,"$1,170",$45
1/28/23,runnation.com,Brooks,4011,349,"$1,240",$40
1/28/23,runnation.com,Asics,3900,196,$245,$35
1/28/23,runnation.com,Adidas,3032,245,$504,$42
1/28/23,runnation.com,Altra,2783,131,$320,$40
1/28/23,runnation.com,Under Armour,1119,82,$80,$20
1/28/23,runnation.com,Mizuno,838,66,$200,$50
1/29/23,runnation.com,On Cloud,7590,499,"$1,680",$60
1/29/23,runnation.com,Hoka,7363,602,"$2,772",$66
1/29/23,runnation.com,New Balance,6142,412,$630,$35
1/29/23,runnation.com,Nike,6029,402,$810,$30
1/29/23,runnation.com,Saucony,4775,376,"$1,305",$45
1/29/23,runnation.com,Asics,4447,269,$315,$35
1/29/23,runnation.com,Brooks,3985,444,"$1,320",$40
1/29/23,runnation.com,Adidas,3021,257,$516,$43
1/29/23,runnation.com,Altra,2721,205,$360,$40
1/29/23,runnation.com,Under Armour,1220,67,$40,$20
1/29/23,runnation.com,Mizuno,896,75,$250,$50
1/30/23,runnation.com,On Cloud,8420,756,"$3,480",$60
1/30/23,runnation.com,Hoka,7897,636,"$2,556",$71
1/30/23,runnation.com,Nike,6513,428,$840,$30
1/30/23,runnation.com,Saucony,4828,404,"$1,350",$45
1/30/23,runnation.com,New Balance,4241,250,$420,$35
1/30/23,runnation.com,Asics,3830,170,$210,$35
1/30/23,runnation.com,Brooks,3323,321,$920,$40
1/30/23,runnation.com,Altra,2889,120,$280,$40
1/30/23,runnation.com,Adidas,2543,224,$656,$41
1/30/23,runnation.com,Mizuno,1089,96,$300,$50
1/30/23,runnation.com,Under Armour,911,65,$40,$20
1/31/23,runnation.com,On Cloud,8069,686,"$2,580",$60
1/31/23,runnation.com,Hoka,7128,594,"$2,850",$75
1/31/23,runnation.com,Nike,6121,539,"$1,050",$30
1/31/23,runnation.com,Saucony,4919,458,"$1,440",$45
1/31/23,runnation.com,New Balance,4321,295,$455,$35
1/31/23,runnation.com,Asics,4102,225,$350,$35
1/31/23,runnation.com,Brooks,3507,325,$960,$40
1/31/23,runnation.com,Adidas,3035,207,$540,$45
1/31/23,runnation.com,Altra,2911,173,$400,$40
1/31/23,runnation.com,Under Armour,1161,49,$40,$20
1/31/23,runnation.com,Mizuno,920,40,$100,$50
2/1/23,runnation.com,On Cloud,7973,566,"$2,580",$60
2/1/23,runnation.com,Hoka,7266,411,"$1,587",$69
2/1/23,runnation.com,Nike,6019,315,$750,$30
2/1/23,runnation.com,Saucony,4448,273,$810,$45
2/1/23,runnation.com,New Balance,4250,225,$490,$35
2/1/23,runnation.com,Brooks,4188,481,"$1,280",$40
2/1/23,runnation.com,Asics,3956,176,$175,$35
2/1/23,runnation.com,Adidas,2925,203,$540,$45
2/1/23,runnation.com,Altra,2784,195,$440,$40
2/1/23,runnation.com,Under Armour,952,51,$40,$20
2/1/23,runnation.com,Mizuno,910,47,$100,$50
2/2/23,runnation.com,On Cloud,8857,597,"$2,400",$60
2/2/23,runnation.com,Hoka,7360,399,"$1,612",$62
2/2/23,runnation.com,Nike,6777,408,$810,$30
2/2/23,runnation.com,New Balance,4548,373,$455,$35
2/2/23,runnation.com,Asics,4541,265,$385,$35
2/2/23,runnation.com,Brooks,3632,352,"$1,240",$40
2/2/23,runnation.com,Saucony,3293,270,$765,$45
2/2/23,runnation.com,Adidas,3224,210,$495,$45
2/2/23,runnation.com,Altra,2834,196,$400,$40
2/2/23,runnation.com,Under Armour,1193,83,$40,$20
2/2/23,runnation.com,Mizuno,1045,75,$150,$50
2/3/23,runnation.com,Hoka,8255,568,"$1,950",$65
2/3/23,runnation.com,On Cloud,8135,813,"$2,580",$60
2/3/23,runnation.com,Nike,5507,376,$780,$30
2/3/23,runnation.com,New Balance,4930,389,$595,$35
2/3/23,runnation.com,Asics,4574,311,$455,$35
2/3/23,runnation.com,Saucony,4486,370,"$1,125",$45
2/3/23,runnation.com,Brooks,3919,407,"$1,400",$40
2/3/23,runnation.com,Adidas,3114,241,$546,$42
2/3/23,runnation.com,Altra,2720,119,$200,$40
2/3/23,runnation.com,Under Armour,1061,50,$40,$20
2/3/23,runnation.com,Mizuno,932,76,$200,$50
2/4/23,runnation.com,On Cloud,8500,733,"$3,540",$60
2/4/23,runnation.com,Hoka,6709,452,"$1,924",$74
2/4/23,runnation.com,Nike,5394,304,$630,$30
2/4/23,runnation.com,New Balance,4500,280,$490,$35
2/4/23,runnation.com,Asics,4202,269,$385,$35
2/4/23,runnation.com,Saucony,3386,208,$630,$45
2/4/23,runnation.com,Adidas,3306,179,$559,$43
2/4/23,runnation.com,Brooks,3009,324,$920,$40
2/4/23,runnation.com,Altra,2870,152,$320,$40
2/4/23,runnation.com,Mizuno,1125,79,$250,$50
2/4/23,runnation.com,Under Armour,943,54,$40,$20
2/5/23,runnation.com,On Cloud,8403,829,"$2,760",$60
2/5/23,runnation.com,Hoka,7451,553,"$1,922",$62
2/5/23,runnation.com,Nike,6334,418,$960,$30
2/5/23,runnation.com,Asics,4348,235,$280,$35
2/5/23,runnation.com,New Balance,4337,346,$455,$35
2/5/23,runnation.com,Brooks,3928,335,$880,$40
2/5/23,runnation.com,Saucony,3313,306,"$1,125",$45
2/5/23,runnation.com,Adidas,3237,277,$720,$40
2/5/23,runnation.com,Altra,2650,194,$480,$40
2/5/23,runnation.com,Mizuno,1022,75,$150,$50
2/5/23,runnation.com,Under Armour,870,64,$60,$20
2/6/23,runnation.com,On Cloud,8607,764,"$3,420",$60
2/6/23,runnation.com,Hoka,7117,580,"$2,652",$68
2/6/23,runnation.com,Nike,5750,441,$900,$30
2/6/23,runnation.com,New Balance,5530,309,$455,$35
2/6/23,runnation.com,Asics,3914,221,$280,$35
2/6/23,runnation.com,Brooks,3736,363,$960,$40
2/6/23,runnation.com,Saucony,3575,281,$810,$45
2/6/23,runnation.com,Altra,2997,184,$360,$40
2/6/23,runnation.com,Adidas,2910,230,$495,$45
2/6/23,runnation.com,Mizuno,974,55,$150,$50
2/6/23,runnation.com,Under Armour,893,37,$20,$20
2/7/23,runnation.com,Hoka,8257,532,"$2,190",$73
2/7/23,runnation.com,On Cloud,7943,746,"$3,300",$60
2/7/23,runnation.com,New Balance,5962,312,$630,$35
2/7/23,runnation.com,Nike,5350,372,$690,$30
2/7/23,runnation.com,Asics,4577,270,$385,$35
2/7/23,runnation.com,Saucony,4137,329,$945,$45
2/7/23,runnation.com,Brooks,3847,366,$920,$40
2/7/23,runnation.com,Adidas,2729,182,$546,$42
2/7/23,runnation.com,Altra,2604,107,$240,$40
2/7/23,runnation.com,Mizuno,1054,44,$100,$50
2/7/23,runnation.com,Under Armour,1019,48,$20,$20
2/8/23,runnation.com,On Cloud,9048,838,"$3,180",$60
2/8/23,runnation.com,Hoka,7498,389,"$1,554",$74
2/8/23,runnation.com,Nike,6776,607,"$1,290",$30
2/8/23,runnation.com,New Balance,5397,299,$385,$35
2/8/23,runnation.com,Asics,4076,189,$175,$35
2/8/23,runnation.com,Saucony,3632,218,$675,$45
2/8/23,runnation.com,Brooks,3313,297,"$1,080",$40
2/8/23,runnation.com,Altra,2952,198,$360,$40
2/8/23,runnation.com,Adidas,2951,244,$672,$42
2/8/23,runnation.com,Mizuno,931,61,$150,$50
2/8/23,runnation.com,Under Armour,901,37,$40,$20
2/9/23,runnation.com,On Cloud,8378,638,"$2,400",$60
2/9/23,runnation.com,Hoka,7960,451,"$1,742",$67
2/9/23,runnation.com,Nike,5292,318,$720,$30
2/9/23,runnation.com,New Balance,4532,360,$665,$35
2/9/23,runnation.com,Asics,4485,201,$175,$35
2/9/23,runnation.com,Saucony,4068,274,$900,$45
2/9/23,runnation.com,Brooks,3429,363,"$1,240",$40
2/9/23,runnation.com,Altra,2750,218,$400,$40
2/9/23,runnation.com,Adidas,2642,206,$516,$43
2/9/23,runnation.com,Mizuno,966,45,$150,$50
2/9/23,runnation.com,Under Armour,946,62,$20,$20
2/10/23,runnation.com,On Cloud,8424,520,"$2,640",$60
2/10/23,runnation.com,Hoka,7643,482,"$2,059",$71
2/10/23,runnation.com,Nike,5329,269,$570,$30
2/10/23,runnation.com,New Balance,4480,390,$805,$35
2/10/23,runnation.com,Asics,4038,224,$350,$35
2/10/23,runnation.com,Saucony,3534,210,$765,$45
2/10/23,runnation.com,Adidas,3232,220,$405,$45
2/10/23,runnation.com,Brooks,3212,379,"$1,000",$40
2/10/23,runnation.com,Altra,2846,169,$440,$40
2/10/23,runnation.com,Mizuno,939,47,$100,$50
2/10/23,runnation.com,Under Armour,906,69,$40,$20
2/11/23,runnation.com,Hoka,7626,574,"$2,015",$65
2/11/23,runnation.com,On Cloud,7251,543,"$1,800",$60
2/11/23,runnation.com,Nike,7035,545,"$1,080",$30
2/11/23,runnation.com,New Balance,5364,404,$700,$35
2/11/23,runnation.com,Brooks,4429,448,"$1,480",$40
2/11/23,runnation.com,Asics,4011,199,$280,$35
2/11/23,runnation.com,Saucony,3254,300,$900,$45
2/11/23,runnation.com,Adidas,3165,252,$602,$43
2/11/23,runnation.com,Altra,2654,192,$360,$40
2/11/23,runnation.com,Under Armour,1116,70,$40,$20
2/11/23,runnation.com,Mizuno,956,62,$150,$50
2/12/23,runnation.com,On Cloud,9184,992,"$3,840",$60
2/12/23,runnation.com,Hoka,8470,694,"$4,440",$74
2/12/23,runnation.com,New Balance,6359,460,$630,$35
2/12/23,runnation.com,Nike,5562,485,"$1,020",$30
2/12/23,runnation.com,Saucony,4879,407,"$1,485",$45
2/12/23,runnation.com,Asics,4409,237,$210,$35
2/12/23,runnation.com,Brooks,4100,385,"$1,120",$40
2/12/23,runnation.com,Adidas,2801,174,$360,$40
2/12/23,runnation.com,Altra,2781,208,$400,$40
2/12/23,runnation.com,Under Armour,1066,75,$40,$20
2/12/23,runnation.com,Mizuno,912,47,$100,$50
2/13/23,runnation.com,On Cloud,8053,739,"$3,480",$60
2/13/23,runnation.com,Hoka,7140,636,"$3,162",$62
2/13/23,runnation.com,Nike,5721,512,"$1,140",$30
2/13/23,runnation.com,New Balance,4561,403,$525,$35
2/13/23,runnation.com,Asics,4417,274,$245,$35
2/13/23,runnation.com,Saucony,4105,301,"$1,080",$45
2/13/23,runnation.com,Brooks,3397,311,"$1,000",$40
2/13/23,runnation.com,Adidas,3177,233,$630,$42
2/13/23,runnation.com,Altra,2544,142,$280,$40
2/13/23,runnation.com,Under Armour,1173,94,$20,$20
2/13/23,runnation.com,Mizuno,1076,67,$200,$50
2/14/23,runnation.com,On Cloud,8409,600,"$2,220",$60
2/14/23,runnation.com,Hoka,6619,464,"$2,175",$75
2/14/23,runnation.com,Nike,5520,392,$930,$30
2/14/23,runnation.com,Saucony,4227,236,$675,$45
2/14/23,runnation.com,New Balance,4172,363,$420,$35
2/14/23,runnation.com,Asics,4092,267,$350,$35
2/14/23,runnation.com,Brooks,3625,302,$760,$40
2/14/23,runnation.com,Adidas,3448,278,$798,$42
2/14/23,runnation.com,Altra,2512,109,$280,$40
2/14/23,runnation.com,Mizuno,1096,70,$200,$50
2/14/23,runnation.com,Under Armour,1070,79,$60,$20
2/15/23,runnation.com,On Cloud,7671,758,"$3,180",$60
2/15/23,runnation.com,Hoka,6728,398,"$2,208",$69
2/15/23,runnation.com,New Balance,6275,468,$945,$35
2/15/23,runnation.com,Nike,5503,407,$990,$30
2/15/23,runnation.com,Asics,4595,225,$385,$35
2/15/23,runnation.com,Saucony,4403,354,"$1,260",$45
2/15/23,runnation.com,Brooks,3630,417,"$1,440",$40
2/15/23,runnation.com,Altra,2951,148,$360,$40
2/15/23,runnation.com,Adidas,2888,240,$560,$40
2/15/23,runnation.com,Mizuno,1161,47,$150,$50
2/15/23,runnation.com,Under Armour,902,52,$40,$20
2/16/23,runnation.com,On Cloud,9244,610,"$2,220",$60
2/16/23,runnation.com,Hoka,7619,636,"$4,125",$75
2/16/23,runnation.com,Nike,6485,332,$810,$30
2/16/23,runnation.com,New Balance,5081,324,$350,$35
2/16/23,runnation.com,Asics,4535,292,$280,$35
2/16/23,runnation.com,Saucony,4459,276,$810,$45
2/16/23,runnation.com,Brooks,4056,354,"$1,200",$40
2/16/23,runnation.com,Adidas,3395,225,$675,$45
2/16/23,runnation.com,Altra,2933,167,$320,$40
2/16/23,runnation.com,Under Armour,1125,67,$20,$20
2/16/23,runnation.com,Mizuno,925,62,$200,$50
2/17/23,runnation.com,On Cloud,9260,909,"$3,780",$60
2/17/23,runnation.com,Hoka,7074,516,"$1,836",$68
2/17/23,runnation.com,Nike,6058,340,$750,$30
2/17/23,runnation.com,New Balance,5109,260,$490,$35
2/17/23,runnation.com,Saucony,4695,413,"$1,350",$45
2/17/23,runnation.com,Asics,4362,198,$280,$35
2/17/23,runnation.com,Brooks,3534,357,"$1,000",$40
2/17/23,runnation.com,Altra,2943,164,$400,$40
2/17/23,runnation.com,Adidas,2742,226,$704,$44
2/17/23,runnation.com,Mizuno,952,48,$150,$50
2/17/23,runnation.com,Under Armour,949,40,$40,$20
2/18/23,runnation.com,On Cloud,9272,750,"$3,660",$60
2/18/23,runnation.com,Hoka,8783,460,"$1,550",$62
2/18/23,runnation.com,New Balance,6421,536,$770,$35
2/18/23,runnation.com,Nike,5581,313,$750,$30
2/18/23,runnation.com,Asics,4528,296,$245,$35
2/18/23,runnation.com,Saucony,4433,305,$900,$45
2/18/23,runnation.com,Brooks,3356,397,"$1,040",$40
2/18/23,runnation.com,Altra,2586,153,$360,$40
2/18/23,runnation.com,Adidas,2521,197,$585,$45
2/18/23,runnation.com,Under Armour,967,76,$40,$20
2/18/23,runnation.com,Mizuno,901,61,$150,$50
2/19/23,runnation.com,On Cloud,9188,842,"$4,380",$60
2/19/23,runnation.com,Hoka,8320,479,"$2,380",$68
2/19/23,runnation.com,Nike,7009,359,$780,$30
2/19/23,runnation.com,New Balance,6288,370,$665,$35
2/19/23,runnation.com,Asics,3953,209,$315,$35
2/19/23,runnation.com,Saucony,3803,339,"$1,125",$45
2/19/23,runnation.com,Brooks,3505,396,"$1,360",$40
2/19/23,runnation.com,Altra,2915,160,$320,$40
2/19/23,runnation.com,Adidas,2562,212,$630,$42
2/19/23,runnation.com,Mizuno,1016,90,$250,$50
2/19/23,runnation.com,Under Armour,974,49,$20,$20
2/20/23,runnation.com,Hoka,8832,628,"$4,070",$74
2/20/23,runnation.com,On Cloud,8473,778,"$3,780",$60
2/20/23,runnation.com,Nike,6150,348,$840,$30
2/20/23,runnation.com,New Balance,4229,223,$420,$35
2/20/23,runnation.com,Brooks,4170,350,"$1,120",$40
2/20/23,runnation.com,Asics,4004,167,$280,$35
2/20/23,runnation.com,Saucony,3997,385,"$1,215",$45
2/20/23,runnation.com,Adidas,2735,203,$602,$43
2/20/23,runnation.com,Altra,2618,170,$400,$40
2/20/23,runnation.com,Mizuno,1147,55,$200,$50
2/20/23,runnation.com,Under Armour,982,51,$40,$20
2/21/23,runnation.com,On Cloud,8847,756,"$2,400",$60
2/21/23,runnation.com,Hoka,6707,588,"$2,774",$73
2/21/23,runnation.com,New Balance,6497,347,$700,$35
2/21/23,runnation.com,Nike,5763,479,"$1,080",$30
2/21/23,runnation.com,Asics,4096,214,$315,$35
2/21/23,runnation.com,Saucony,3615,198,$585,$45
2/21/23,runnation.com,Brooks,3074,361,"$1,040",$40
2/21/23,runnation.com,Adidas,2600,181,$462,$42
2/21/23,runnation.com,Altra,2596,186,$320,$40
2/21/23,runnation.com,Mizuno,1080,94,$200,$50
2/21/23,runnation.com,Under Armour,906,68,$20,$20
2/22/23,runnation.com,On Cloud,9097,698,"$3,300",$60
2/22/23,runnation.com,Hoka,6842,491,"$2,376",$72
2/22/23,runnation.com,New Balance,6177,380,$630,$35
2/22/23,runnation.com,Nike,5512,442,"$1,020",$30
2/22/23,runnation.com,Asics,3853,200,$350,$35
2/22/23,runnation.com,Saucony,3507,192,$630,$45
2/22/23,runnation.com,Brooks,3182,290,$920,$40
2/22/23,runnation.com,Adidas,2832,209,$533,$41
2/22/23,runnation.com,Altra,2575,186,$400,$40
2/22/23,runnation.com,Under Armour,942,57,$40,$20
2/22/23,runnation.com,Mizuno,836,36,$100,$50
2/23/23,runnation.com,Hoka,8629,545,"$2,340",$60
2/23/23,runnation.com,On Cloud,7234,764,"$3,420",$60
2/23/23,runnation.com,Nike,5423,383,$900,$30
2/23/23,runnation.com,New Balance,5070,360,$490,$35
2/23/23,runnation.com,Saucony,4173,395,"$1,125",$45
2/23/23,runnation.com,Asics,3921,172,$280,$35
2/23/23,runnation.com,Adidas,3408,264,$546,$42
2/23/23,runnation.com,Brooks,3406,349,"$1,160",$40
2/23/23,runnation.com,Altra,2677,148,$280,$40
2/23/23,runnation.com,Mizuno,1194,57,$150,$50
2/23/23,runnation.com,Under Armour,865,42,$40,$20
2/24/23,runnation.com,On Cloud,7610,502,"$2,280",$60
2/24/23,runnation.com,Hoka,6893,601,"$2,898",$63
2/24/23,runnation.com,Nike,6489,399,$810,$30
2/24/23,runnation.com,New Balance,4441,336,$595,$35
2/24/23,runnation.com,Saucony,4432,301,"$1,080",$45
2/24/23,runnation.com,Asics,4326,289,$350,$35
2/24/23,runnation.com,Brooks,4215,459,"$1,280",$40
2/24/23,runnation.com,Adidas,2939,186,$440,$44
2/24/23,runnation.com,Altra,2657,176,$360,$40
2/24/23,runnation.com,Mizuno,1022,60,$150,$50
2/24/23,runnation.com,Under Armour,934,64,$20,$20
2/25/23,runnation.com,Hoka,8698,669,"$2,613",$67
2/25/23,runnation.com,On Cloud,7764,846,"$3,180",$60
2/25/23,runnation.com,Nike,5354,387,$750,$30
2/25/23,runnation.com,New Balance,4689,289,$490,$35
2/25/23,runnation.com,Brooks,4319,437,"$1,200",$40
2/25/23,runnation.com,Asics,4151,167,$315,$35
2/25/23,runnation.com,Saucony,3937,223,$675,$45
2/25/23,runnation.com,Adidas,3276,282,$675,$45
2/25/23,runnation.com,Altra,2627,208,$400,$40
2/25/23,runnation.com,Mizuno,1140,50,$150,$50
2/25/23,runnation.com,Under Armour,1084,57,$20,$20
2/26/23,runnation.com,On Cloud,8615,801,"$2,520",$60
2/26/23,runnation.com,Hoka,7868,686,"$2,691",$69
2/26/23,runnation.com,Nike,6399,384,$840,$30
2/26/23,runnation.com,New Balance,4582,390,$420,$35
2/26/23,runnation.com,Asics,4108,279,$245,$35
2/26/23,runnation.com,Saucony,4005,226,$675,$45
2/26/23,runnation.com,Brooks,3020,321,"$1,120",$40
2/26/23,runnation.com,Altra,2937,126,$240,$40
2/26/23,runnation.com,Adidas,2720,238,$451,$41
2/26/23,runnation.com,Under Armour,1105,47,$40,$20
2/26/23,runnation.com,Mizuno,1020,44,$150,$50
2/27/23,runnation.com,On Cloud,7374,642,"$2,280",$60
2/27/23,runnation.com,Hoka,6778,610,"$2,263",$73
2/27/23,runnation.com,Nike,6631,483,"$1,170",$30
2/27/23,runnation.com,New Balance,4671,385,$525,$35
2/27/23,runnation.com,Saucony,3945,365,"$1,260",$45
2/27/23,runnation.com,Asics,3911,194,$350,$35
2/27/23,runnation.com,Brooks,3685,431,"$1,080",$40
2/27/23,runnation.com,Adidas,3314,267,$640,$40
2/27/23,runnation.com,Altra,2837,142,$320,$40
2/27/23,runnation.com,Under Armour,976,64,$20,$20
2/27/23,runnation.com,Mizuno,941,65,$150,$50
2/28/23,runnation.com,On Cloud,8071,834,"$4,260",$60
2/28/23,runnation.com,Hoka,7936,569,"$3,500",$70
2/28/23,runnation.com,New Balance,6320,400,$455,$35
2/28/23,runnation.com,Nike,5488,290,$600,$30
2/28/23,runnation.com,Saucony,4766,460,"$1,620",$45
2/28/23,runnation.com,Asics,4550,303,$245,$35
2/28/23,runnation.com,Brooks,4114,431,"$1,320",$40
2/28/23,runnation.com,Adidas,3246,291,$779,$41
2/28/23,runnation.com,Altra,2935,142,$320,$40
2/28/23,runnation.com,Under Armour,1006,62,$60,$20
2/28/23,runnation.com,Mizuno,914,74,$250,$50
3/1/23,runnation.com,On Cloud,8758,925,"$4,860",$60
3/1/23,runnation.com,Hoka,7808,589,"$2,501",$61
3/1/23,runnation.com,New Balance,6146,519,$630,$35
3/1/23,runnation.com,Nike,5775,381,$900,$30
3/1/23,runnation.com,Saucony,4459,350,"$1,260",$45
3/1/23,runnation.com,Asics,4024,243,$350,$35
3/1/23,runnation.com,Brooks,3215,284,"$1,000",$40
3/1/23,runnation.com,Adidas,3102,192,$495,$45
3/1/23,runnation.com,Altra,2623,146,$280,$40
3/1/23,runnation.com,Mizuno,1147,68,$200,$50
3/1/23,runnation.com,Under Armour,798,55,$40,$20
3/2/23,runnation.com,On Cloud,7697,623,"$3,360",$60
3/2/23,runnation.com,Hoka,7423,479,"$3,066",$73
3/2/23,runnation.com,New Balance,6294,397,$735,$35
3/2/23,runnation.com,Nike,5602,476,"$1,050",$30
3/2/23,runnation.com,Brooks,4474,496,"$1,800",$40
3/2/23,runnation.com,Asics,4044,263,$280,$35
3/2/23,runnation.com,Saucony,3785,333,"$1,035",$45
3/2/23,runnation.com,Adidas,2948,222,$410,$41
3/2/23,runnation.com,Altra,2575,160,$320,$40
3/2/23,runnation.com,Mizuno,878,50,$150,$50
3/2/23,runnation.com,Under Armour,821,65,$60,$20
3/3/23,runnation.com,Hoka,9701,521,"$2,240",$70
3/3/23,runnation.com,On Cloud,8213,542,"$2,700",$60
3/3/23,runnation.com,Nike,5145,263,$600,$30
3/3/23,runnation.com,Saucony,4933,267,$765,$45
3/3/23,runnation.com,New Balance,4490,276,$560,$35
3/3/23,runnation.com,Brooks,3877,312,"$1,000",$40
3/3/23,runnation.com,Asics,3803,259,$350,$35
3/3/23,runnation.com,Adidas,3070,171,$396,$44
3/3/23,runnation.com,Altra,2717,131,$280,$40
3/3/23,runnation.com,Under Armour,1036,81,$40,$20
3/3/23,runnation.com,Mizuno,855,66,$150,$50
3/4/23,runnation.com,On Cloud,9479,595,"$1,920",$60
3/4/23,runnation.com,Hoka,7756,517,"$1,890",$63
3/4/23,runnation.com,New Balance,6420,509,"$1,015",$35
3/4/23,runnation.com,Nike,5114,459,$870,$30
3/4/23,runnation.com,Asics,4341,255,$385,$35
3/4/23,runnation.com,Brooks,3355,381,"$1,240",$40
3/4/23,runnation.com,Saucony,3214,221,$675,$45
3/4/23,runnation.com,Altra,2956,231,$560,$40
3/4/23,runnation.com,Adidas,2704,157,$360,$40
3/4/23,runnation.com,Mizuno,1044,89,$250,$50
3/4/23,runnation.com,Under Armour,865,55,$60,$20
3/5/23,runnation.com,Hoka,8264,558,"$2,178",$66
3/5/23,runnation.com,On Cloud,7863,636,"$1,980",$60
3/5/23,runnation.com,Nike,5022,445,$990,$30
3/5/23,runnation.com,Asics,4275,222,$245,$35
3/5/23,runnation.com,New Balance,4172,373,$770,$35
3/5/23,runnation.com,Saucony,3885,324,"$1,080",$45
3/5/23,runnation.com,Brooks,3530,329,"$1,040",$40
3/5/23,runnation.com,Altra,2995,187,$400,$40
3/5/23,runnation.com,Adidas,2581,158,$430,$43
3/5/23,runnation.com,Mizuno,1065,77,$250,$50
3/5/23,runnation.com,Under Armour,910,49,$20,$20
3/6/23,runnation.com,Hoka,8493,610,"$2,747",$67
3/6/23,runnation.com,On Cloud,8407,629,"$1,980",$60
3/6/23,runnation.com,Nike,6470,577,"$1,110",$30
3/6/23,runnation.com,New Balance,5698,365,$770,$35
3/6/23,runnation.com,Asics,4570,196,$210,$35
3/6/23,runnation.com,Brooks,4362,373,"$1,080",$40
3/6/23,runnation.com,Saucony,3563,214,$675,$45
3/6/23,runnation.com,Adidas,3437,234,$440,$40
3/6/23,runnation.com,Altra,2728,141,$360,$40
3/6/23,runnation.com,Mizuno,1136,72,$150,$50
3/6/23,runnation.com,Under Armour,861,66,$20,$20
3/7/23,runnation.com,Hoka,8740,676,"$4,350",$75
3/7/23,runnation.com,On Cloud,7761,700,"$2,400",$60
3/7/23,runnation.com,Nike,5314,359,$750,$30
3/7/23,runnation.com,New Balance,4705,319,$665,$35
3/7/23,runnation.com,Saucony,4422,410,"$1,305",$45
3/7/23,runnation.com,Brooks,3958,353,"$1,240",$40
3/7/23,runnation.com,Asics,3897,194,$280,$35
3/7/23,runnation.com,Altra,2958,225,$440,$40
3/7/23,runnation.com,Adidas,2823,164,$320,$40
3/7/23,runnation.com,Mizuno,1072,91,$250,$50
3/7/23,runnation.com,Under Armour,752,49,$20,$20
3/8/23,runnation.com,On Cloud,9760,694,"$2,820",$60
3/8/23,runnation.com,Hoka,7781,459,"$2,560",$64
3/8/23,runnation.com,Nike,6215,488,$990,$30
3/8/23,runnation.com,New Balance,4913,331,$420,$35
3/8/23,runnation.com,Saucony,4007,262,$765,$45
3/8/23,runnation.com,Brooks,3925,348,"$1,200",$40
3/8/23,runnation.com,Asics,3864,244,$280,$35
3/8/23,runnation.com,Adidas,3011,210,$520,$40
3/8/23,runnation.com,Altra,2956,127,$280,$40
3/8/23,runnation.com,Mizuno,981,70,$200,$50
3/8/23,runnation.com,Under Armour,743,32,$20,$20
3/9/23,runnation.com,Hoka,9575,493,"$2,304",$72
3/9/23,runnation.com,On Cloud,7595,785,"$3,780",$60
3/9/23,runnation.com,New Balance,5824,442,$560,$35
3/9/23,runnation.com,Nike,5332,386,$810,$30
3/9/23,runnation.com,Asics,4013,201,$315,$35
3/9/23,runnation.com,Brooks,3785,400,"$1,440",$40
3/9/23,runnation.com,Saucony,3348,271,$855,$45
3/9/23,runnation.com,Adidas,3035,236,$504,$42
3/9/23,runnation.com,Altra,2521,190,$440,$40
3/9/23,runnation.com,Mizuno,991,82,$200,$50
3/9/23,runnation.com,Under Armour,746,51,$20,$20
3/10/23,runnation.com,On Cloud,9424,586,"$3,120",$60
3/10/23,runnation.com,Hoka,8324,606,"$3,294",$61
3/10/23,runnation.com,Nike,6330,525,"$1,230",$30
3/10/23,runnation.com,New Balance,6158,407,$805,$35
3/10/23,runnation.com,Asics,4597,294,$350,$35
3/10/23,runnation.com,Brooks,4151,424,"$1,440",$40
3/10/23,runnation.com,Saucony,3448,320,$945,$45
3/10/23,runnation.com,Adidas,2888,259,$560,$40
3/10/23,runnation.com,Altra,2851,157,$280,$40
3/10/23,runnation.com,Under Armour,1009,78,$40,$20
3/10/23,runnation.com,Mizuno,808,57,$200,$50
3/11/23,runnation.com,Hoka,8826,454,"$2,080",$65
3/11/23,runnation.com,On Cloud,7709,719,"$3,240",$60
3/11/23,runnation.com,New Balance,5904,339,$630,$35
3/11/23,runnation.com,Nike,5091,440,$870,$30
3/11/23,runnation.com,Asics,4589,237,$210,$35
3/11/23,runnation.com,Saucony,3409,207,$720,$45
3/11/23,runnation.com,Brooks,3125,346,"$1,120",$40
3/11/23,runnation.com,Altra,2803,126,$240,$40
3/11/23,runnation.com,Adidas,2796,192,$410,$41
3/11/23,runnation.com,Under Armour,1002,78,$60,$20
3/11/23,runnation.com,Mizuno,949,61,$150,$50
3/12/23,runnation.com,Hoka,8388,578,"$2,190",$73
3/12/23,runnation.com,On Cloud,8008,606,"$3,180",$60
3/12/23,runnation.com,New Balance,5439,413,$700,$35
3/12/23,runnation.com,Nike,5121,328,$630,$30
3/12/23,runnation.com,Asics,4425,300,$525,$35
3/12/23,runnation.com,Saucony,4209,287,$945,$45
3/12/23,runnation.com,Adidas,3395,271,$528,$44
3/12/23,runnation.com,Brooks,3101,334,"$1,040",$40
3/12/23,runnation.com,Altra,2651,201,$360,$40
3/12/23,runnation.com,Mizuno,1111,81,$200,$50
3/12/23,runnation.com,Under Armour,837,63,$20,$20
3/13/23,runnation.com,Hoka,8146,546,"$3,381",$69
3/13/23,runnation.com,On Cloud,7761,733,"$2,640",$60
3/13/23,runnation.com,Nike,5261,275,$570,$30
3/13/23,runnation.com,New Balance,4956,444,$525,$35
3/13/23,runnation.com,Brooks,4498,399,"$1,440",$40
3/13/23,runnation.com,Asics,4471,218,$315,$35
3/13/23,runnation.com,Saucony,3606,337,"$1,170",$45
3/13/23,runnation.com,Adidas,3474,241,$533,$41
3/13/23,runnation.com,Altra,2739,113,$240,$40
3/13/23,runnation.com,Under Armour,1040,81,$40,$20
3/13/23,runnation.com,Mizuno,1016,91,$250,$50
3/14/23,runnation.com,On Cloud,9704,671,"$2,760",$60
3/14/23,runnation.com,Hoka,8156,520,"$2,904",$66
3/14/23,runnation.com,Nike,6016,410,$960,$30
3/14/23,runnation.com,New Balance,4194,249,$525,$35
3/14/23,runnation.com,Saucony,3920,370,"$1,350",$45
3/14/23,runnation.com,Asics,3850,172,$210,$35
3/14/23,runnation.com,Brooks,3140,263,$720,$40
3/14/23,runnation.com,Adidas,2916,204,$585,$45
3/14/23,runnation.com,Altra,2556,138,$320,$40
3/14/23,runnation.com,Under Armour,883,56,$60,$20
3/14/23,runnation.com,Mizuno,871,36,$100,$50
3/15/23,runnation.com,On Cloud,9583,913,"$2,820",$60
3/15/23,runnation.com,Hoka,7389,514,"$2,345",$67
3/15/23,runnation.com,New Balance,6431,376,$700,$35
3/15/23,runnation.com,Nike,5135,306,$600,$30
3/15/23,runnation.com,Saucony,4278,354,"$1,260",$45
3/15/23,runnation.com,Asics,4077,187,$245,$35
3/15/23,runnation.com,Brooks,3302,334,$960,$40
3/15/23,runnation.com,Altra,2991,127,$240,$40
3/15/23,runnation.com,Adidas,2506,212,$420,$42
3/15/23,runnation.com,Mizuno,1148,69,$200,$50
3/15/23,runnation.com,Under Armour,981,46,$20,$20
3/16/23,runnation.com,On Cloud,9857,741,"$2,340",$60
3/16/23,runnation.com,Hoka,8411,697,"$2,920",$73
3/16/23,runnation.com,Nike,6103,357,$690,$30
3/16/23,runnation.com,New Balance,4784,249,$280,$35
3/16/23,runnation.com,Saucony,4652,387,"$1,215",$45
3/16/23,runnation.com,Asics,4542,270,$210,$35
3/16/23,runnation.com,Brooks,3120,291,$800,$40
3/16/23,runnation.com,Adidas,2959,165,$378,$42
3/16/23,runnation.com,Altra,2532,181,$440,$40
3/16/23,runnation.com,Mizuno,1004,68,$200,$50
3/16/23,runnation.com,Under Armour,731,51,$40,$20
3/17/23,runnation.com,Hoka,9045,773,"$3,705",$65
3/17/23,runnation.com,On Cloud,7837,539,"$2,220",$60
3/17/23,runnation.com,Nike,6040,412,$810,$30
3/17/23,runnation.com,New Balance,4783,323,$490,$35
3/17/23,runnation.com,Asics,4480,309,$455,$35
3/17/23,runnation.com,Saucony,3835,269,$765,$45
3/17/23,runnation.com,Brooks,3163,314,"$1,120",$40
3/17/23,runnation.com,Adidas,2987,180,$420,$42
3/17/23,runnation.com,Altra,2892,150,$360,$40
3/17/23,runnation.com,Under Armour,869,44,$20,$20
3/17/23,runnation.com,Mizuno,858,64,$200,$50
3/18/23,runnation.com,On Cloud,9565,1036,"$5,520",$60
3/18/23,runnation.com,Hoka,8797,672,"$3,819",$67
3/18/23,runnation.com,New Balance,6049,539,$735,$35
3/18/23,runnation.com,Nike,5004,397,$750,$30
3/18/23,runnation.com,Saucony,4249,306,"$1,035",$45
3/18/23,runnation.com,Brooks,4218,502,"$1,680",$40
3/18/23,runnation.com,Asics,4171,191,$175,$35
3/18/23,runnation.com,Altra,2618,187,$320,$40
3/18/23,runnation.com,Adidas,2565,165,$400,$40
3/18/23,runnation.com,Mizuno,931,57,$150,$50
3/18/23,runnation.com,Under Armour,930,67,$60,$20
3/19/23,runnation.com,On Cloud,9331,626,"$2,760",$60
3/19/23,runnation.com,Hoka,8164,705,"$2,775",$75
3/19/23,runnation.com,Nike,5825,367,$720,$30
3/19/23,runnation.com,New Balance,5628,300,$385,$35
3/19/23,runnation.com,Asics,3865,249,$385,$35
3/19/23,runnation.com,Saucony,3635,189,$720,$45
3/19/23,runnation.com,Brooks,3048,366,"$1,040",$40
3/19/23,runnation.com,Adidas,2792,207,$495,$45
3/19/23,runnation.com,Altra,2586,168,$400,$40
3/19/23,runnation.com,Under Armour,954,76,$60,$20
3/19/23,runnation.com,Mizuno,878,75,$200,$50
3/20/23,runnation.com,On Cloud,9085,674,"$2,820",$60
3/20/23,runnation.com,Hoka,8328,723,"$4,218",$74
3/20/23,runnation.com,New Balance,6426,574,"$1,190",$35
3/20/23,runnation.com,Nike,5073,428,$810,$30
3/20/23,runnation.com,Saucony,4443,379,"$1,260",$45
3/20/23,runnation.com,Brooks,4172,364,"$1,120",$40
3/20/23,runnation.com,Asics,4086,205,$175,$35
3/20/23,runnation.com,Adidas,3076,157,$405,$45
3/20/23,runnation.com,Altra,2549,119,$240,$40
3/20/23,runnation.com,Under Armour,935,39,$40,$20
3/20/23,runnation.com,Mizuno,813,45,$150,$50
3/21/23,runnation.com,On Cloud,9689,933,"$4,980",$60
3/21/23,runnation.com,Hoka,8602,491,"$3,139",$73
3/21/23,runnation.com,Nike,4963,267,$600,$30
3/21/23,runnation.com,Asics,4520,183,$315,$35
3/21/23,runnation.com,Saucony,4508,385,"$1,080",$45
3/21/23,runnation.com,Brooks,4460,512,"$1,560",$40
3/21/23,runnation.com,New Balance,4211,337,$665,$35
3/21/23,runnation.com,Altra,2845,124,$240,$40
3/21/23,runnation.com,Adidas,2711,200,$387,$43
3/21/23,runnation.com,Mizuno,1129,94,$200,$50
3/21/23,runnation.com,Under Armour,819,40,$40,$20
3/22/23,runnation.com,On Cloud,8422,688,"$3,540",$60
3/22/23,runnation.com,Hoka,7576,492,"$2,880",$72
3/22/23,runnation.com,Nike,6384,522,"$1,200",$30
3/22/23,runnation.com,New Balance,5546,485,"$1,015",$35
3/22/23,runnation.com,Brooks,4280,410,"$1,240",$40
3/22/23,runnation.com,Saucony,4258,298,$945,$45
3/22/23,runnation.com,Asics,3833,165,$140,$35
3/22/23,runnation.com,Altra,2918,218,$400,$40
3/22/23,runnation.com,Adidas,2559,192,$540,$45
3/22/23,runnation.com,Mizuno,817,36,$100,$50
3/22/23,runnation.com,Under Armour,813,40,$20,$20
3/23/23,runnation.com,Hoka,8774,785,"$5,254",$74
3/23/23,runnation.com,On Cloud,8451,537,"$2,340",$60
3/23/23,runnation.com,New Balance,6111,498,$630,$35
3/23/23,runnation.com,Nike,5805,478,"$1,020",$30
3/23/23,runnation.com,Brooks,4193,473,"$1,560",$40
3/23/23,runnation.com,Asics,3878,193,$210,$35
3/23/23,runnation.com,Saucony,3374,305,"$1,080",$45
3/23/23,runnation.com,Adidas,3226,188,$516,$43
3/23/23,runnation.com,Altra,2874,169,$360,$40
3/23/23,runnation.com,Under Armour,893,60,$60,$20
3/23/23,runnation.com,Mizuno,875,79,$200,$50
3/24/23,runnation.com,On Cloud,8607,691,"$2,820",$60
3/24/23,runnation.com,Hoka,7487,536,"$2,070",$69
3/24/23,runnation.com,Nike,5806,461,"$1,050",$30
3/24/23,runnation.com,New Balance,5424,353,$455,$35
3/24/23,runnation.com,Asics,4274,205,$315,$35
3/24/23,runnation.com,Saucony,4202,377,"$1,215",$45
3/24/23,runnation.com,Brooks,3552,292,"$1,000",$40
3/24/23,runnation.com,Altra,2854,186,$440,$40
3/24/23,runnation.com,Adidas,2601,175,$440,$40
3/24/23,runnation.com,Mizuno,907,69,$150,$50
3/24/23,runnation.com,Under Armour,736,47,$40,$20
3/25/23,runnation.com,On Cloud,9541,658,"$2,520",$60
3/25/23,runnation.com,Hoka,8561,555,"$2,664",$74
3/25/23,runnation.com,Nike,6029,369,$720,$30
3/25/23,runnation.com,New Balance,4927,400,$735,$35
3/25/23,runnation.com,Saucony,4859,377,"$1,305",$45
3/25/23,runnation.com,Asics,4166,195,$245,$35
3/25/23,runnation.com,Brooks,3565,319,$960,$40
3/25/23,runnation.com,Altra,2806,137,$320,$40
3/25/23,runnation.com,Adidas,2516,171,$344,$43
3/25/23,runnation.com,Mizuno,913,70,$150,$50
3/25/23,runnation.com,Under Armour,793,50,$20,$20
3/26/23,runnation.com,Hoka,8731,782,"$3,648",$64
3/26/23,runnation.com,On Cloud,7865,613,"$2,280",$60
3/26/23,runnation.com,New Balance,5887,517,"$1,015",$35
3/26/23,runnation.com,Nike,5420,284,$540,$30
3/26/23,runnation.com,Asics,4441,280,$420,$35
3/26/23,runnation.com,Saucony,4168,319,$900,$45
3/26/23,runnation.com,Brooks,3115,270,$960,$40
3/26/23,runnation.com,Adidas,2887,148,$280,$40
3/26/23,runnation.com,Altra,2803,192,$400,$40
3/26/23,runnation.com,Mizuno,1178,87,$250,$50
3/26/23,runnation.com,Under Armour,740,56,$20,$20
3/27/23,runnation.com,Hoka,7723,538,"$3,080",$70
3/27/23,runnation.com,On Cloud,7619,464,"$1,800",$60
3/27/23,runnation.com,Nike,5132,278,$570,$30
3/27/23,runnation.com,New Balance,4748,412,$525,$35
3/27/23,runnation.com,Asics,4453,283,$245,$35
3/27/23,runnation.com,Brooks,3862,393,"$1,160",$40
3/27/23,runnation.com,Adidas,3319,176,$585,$45
3/27/23,runnation.com,Saucony,3278,219,$720,$45
3/27/23,runnation.com,Altra,2899,218,$480,$40
3/27/23,runnation.com,Mizuno,849,65,$200,$50
3/27/23,runnation.com,Under Armour,729,37,$40,$20
3/28/23,runnation.com,On Cloud,9223,684,"$2,580",$60
3/28/23,runnation.com,Hoka,8126,644,"$3,404",$74
3/28/23,runnation.com,Nike,5629,379,$840,$30
3/28/23,runnation.com,Brooks,4252,418,"$1,200",$40
3/28/23,runnation.com,Asics,4251,282,$420,$35
3/28/23,runnation.com,New Balance,4071,329,$595,$35
3/28/23,runnation.com,Saucony,3693,231,$810,$45
3/28/23,runnation.com,Adidas,3381,296,$924,$44
3/28/23,runnation.com,Altra,2549,111,$280,$40
3/28/23,runnation.com,Mizuno,1008,58,$150,$50
3/28/23,runnation.com,Under Armour,912,72,$60,$20
3/29/23,runnation.com,On Cloud,9585,679,"$3,120",$60
3/29/23,runnation.com,Hoka,9181,623,"$3,500",$70
3/29/23,runnation.com,New Balance,6288,371,$525,$35
3/29/23,runnation.com,Nike,5214,311,$600,$30
3/29/23,runnation.com,Saucony,4887,447,"$1,350",$45
3/29/23,runnation.com,Brooks,4040,378,"$1,000",$40
3/29/23,runnation.com,Asics,3918,274,$280,$35
3/29/23,runnation.com,Adidas,3049,153,$369,$41
3/29/23,runnation.com,Altra,2839,123,$240,$40
3/29/23,runnation.com,Mizuno,936,46,$100,$50
3/29/23,runnation.com,Under Armour,841,42,$40,$20
3/30/23,runnation.com,On Cloud,9558,913,"$3,120",$60
3/30/23,runnation.com,Hoka,7747,540,"$3,525",$75
3/30/23,runnation.com,Nike,5068,294,$540,$30
3/30/23,runnation.com,New Balance,4996,302,$595,$35
3/30/23,runnation.com,Saucony,4184,350,"$1,035",$45
3/30/23,runnation.com,Asics,3930,168,$280,$35
3/30/23,runnation.com,Brooks,3481,406,"$1,080",$40
3/30/23,runnation.com,Adidas,3097,209,$520,$40
3/30/23,runnation.com,Altra,2696,120,$240,$40
3/30/23,runnation.com,Under Armour,963,50,$40,$20
3/30/23,runnation.com,Mizuno,801,52,$100,$50
3/31/23,runnation.com,On Cloud,8335,630,"$3,120",$60
3/31/23,runnation.com,Hoka,8038,572,"$2,795",$65
3/31/23,runnation.com,Nike,5455,391,$720,$30
3/31/23,runnation.com,Saucony,4789,325,$945,$45
3/31/23,runnation.com,New Balance,4646,367,$700,$35
3/31/23,runnation.com,Asics,3934,168,$245,$35
3/31/23,runnation.com,Brooks,3768,437,"$1,480",$40
3/31/23,runnation.com,Adidas,2995,261,$516,$43
3/31/23,runnation.com,Altra,2780,198,$480,$40
3/31/23,runnation.com,Mizuno,1091,91,$300,$50
3/31/23,runnation.com,Under Armour,977,44,$40,$20
4/1/23,runnation.com,On Cloud,10491,699,"$2,640",$60
4/1/23,runnation.com,Hoka,9386,797,"$4,692",$68
4/1/23,runnation.com,New Balance,6356,385,$700,$35
4/1/23,runnation.com,Nike,5367,483,"$1,020",$30
4/1/23,runnation.com,Saucony,4989,267,$855,$45
4/1/23,runnation.com,Asics,4216,202,$210,$35
4/1/23,runnation.com,Brooks,4042,411,"$1,440",$40
4/1/23,runnation.com,Adidas,3304,233,$520,$40
4/1/23,runnation.com,Altra,2507,135,$320,$40
4/1/23,runnation.com,Mizuno,919,71,$200,$50
4/1/23,runnation.com,Under Armour,704,39,$20,$20
4/2/23,runnation.com,On Cloud,9206,937,"$4,380",$60
4/2/23,runnation.com,Hoka,9104,611,"$2,592",$72
4/2/23,runnation.com,New Balance,6283,371,$490,$35
4/2/23,runnation.com,Nike,5333,302,$630,$30
4/2/23,runnation.com,Saucony,4988,413,"$1,485",$45
4/2/23,runnation.com,Asics,4598,307,$490,$35
4/2/23,runnation.com,Brooks,3313,288,$840,$40
4/2/23,runnation.com,Adidas,3014,211,$675,$45
4/2/23,runnation.com,Altra,2552,164,$360,$40
4/2/23,runnation.com,Mizuno,1112,88,$150,$50
4/2/23,runnation.com,Under Armour,893,64,$40,$20
4/3/23,runnation.com,On Cloud,9487,799,"$3,780",$60
4/3/23,runnation.com,Hoka,7774,574,"$2,660",$70
4/3/23,runnation.com,Nike,4951,314,$750,$30
4/3/23,runnation.com,New Balance,4289,289,$525,$35
4/3/23,runnation.com,Asics,4032,227,$210,$35
4/3/23,runnation.com,Saucony,4008,227,$630,$45
4/3/23,runnation.com,Brooks,3370,400,"$1,440",$40
4/3/23,runnation.com,Adidas,3074,210,$540,$45
4/3/23,runnation.com,Altra,2584,194,$480,$40
4/3/23,runnation.com,Mizuno,917,63,$150,$50
4/3/23,runnation.com,Under Armour,784,55,$40,$20
4/4/23,runnation.com,On Cloud,9991,868,"$3,000",$60
4/4/23,runnation.com,Hoka,7711,694,"$4,104",$72
4/4/23,runnation.com,New Balance,5964,473,$980,$35
4/4/23,runnation.com,Nike,5310,268,$540,$30
4/4/23,runnation.com,Saucony,4828,297,$945,$45
4/4/23,runnation.com,Asics,4383,263,$350,$35
4/4/23,runnation.com,Brooks,3902,368,"$1,160",$40
4/4/23,runnation.com,Adidas,2920,226,$672,$42
4/4/23,runnation.com,Altra,2589,159,$280,$40
4/4/23,runnation.com,Mizuno,940,83,$150,$50
4/4/23,runnation.com,Under Armour,658,47,$40,$20
4/5/23,runnation.com,On Cloud,9178,796,"$3,240",$60
4/5/23,runnation.com,Hoka,9156,635,"$3,600",$72
4/5/23,runnation.com,New Balance,6473,444,$770,$35
4/5/23,runnation.com,Nike,4936,367,$690,$30
4/5/23,runnation.com,Asics,4257,172,$175,$35
4/5/23,runnation.com,Brooks,3840,416,"$1,440",$40
4/5/23,runnation.com,Saucony,3608,209,$630,$45
4/5/23,runnation.com,Altra,2801,166,$320,$40
4/5/23,runnation.com,Adidas,2647,144,$420,$42
4/5/23,runnation.com,Mizuno,962,47,$150,$50
4/5/23,runnation.com,Under Armour,817,52,$40,$20
4/6/23,runnation.com,On Cloud,9764,1066,"$4,020",$60
4/6/23,runnation.com,Hoka,9170,486,"$2,211",$67
4/6/23,runnation.com,Nike,6044,439,$840,$30
4/6/23,runnation.com,New Balance,4449,235,$350,$35
4/6/23,runnation.com,Brooks,4316,364,"$1,000",$40
4/6/23,runnation.com,Asics,4315,198,$210,$35
4/6/23,runnation.com,Saucony,3391,249,$720,$45
4/6/23,runnation.com,Adidas,2902,191,$440,$40
4/6/23,runnation.com,Altra,2859,227,$440,$40
4/6/23,runnation.com,Mizuno,1019,51,$150,$50
4/6/23,runnation.com,Under Armour,800,61,$40,$20
4/7/23,runnation.com,On Cloud,10258,799,"$3,480",$60
4/7/23,runnation.com,Hoka,9913,543,"$3,174",$69
4/7/23,runnation.com,New Balance,6115,427,$910,$35
4/7/23,runnation.com,Nike,5040,259,$510,$30
4/7/23,runnation.com,Saucony,4452,312,$990,$45
4/7/23,runnation.com,Asics,4283,188,$175,$35
4/7/23,runnation.com,Brooks,3736,325,$920,$40
4/7/23,runnation.com,Adidas,3361,176,$484,$44
4/7/23,runnation.com,Altra,2741,174,$320,$40
4/7/23,runnation.com,Mizuno,1067,70,$250,$50
4/7/23,runnation.com,Under Armour,790,51,$40,$20
4/8/23,runnation.com,On Cloud,10040,823,"$2,640",$60
4/8/23,runnation.com,Hoka,8413,745,"$3,796",$73
4/8/23,runnation.com,Nike,6006,454,$900,$30
4/8/23,runnation.com,Saucony,4772,406,"$1,215",$45
4/8/23,runnation.com,Asics,4517,250,$280,$35
4/8/23,runnation.com,New Balance,4088,216,$315,$35
4/8/23,runnation.com,Brooks,3653,416,"$1,080",$40
4/8/23,runnation.com,Altra,2879,161,$320,$40
4/8/23,runnation.com,Adidas,2613,148,$473,$43
4/8/23,runnation.com,Mizuno,1196,72,$200,$50
4/8/23,runnation.com,Under Armour,671,54,$40,$20
4/9/23,runnation.com,Hoka,9894,816,"$4,402",$62
4/9/23,runnation.com,On Cloud,8699,784,"$3,660",$60
4/9/23,runnation.com,Nike,5396,465,$870,$30
4/9/23,runnation.com,New Balance,4898,307,$420,$35
4/9/23,runnation.com,Asics,4352,198,$350,$35
4/9/23,runnation.com,Brooks,4124,476,"$1,640",$40
4/9/23,runnation.com,Saucony,3505,290,"$1,035",$45
4/9/23,runnation.com,Adidas,3499,201,$546,$42
4/9/23,runnation.com,Altra,2945,216,$520,$40
4/9/23,runnation.com,Under Armour,891,46,$40,$20
4/9/23,runnation.com,Mizuno,840,72,$150,$50
4/10/23,runnation.com,On Cloud,8855,898,"$3,540",$60
4/10/23,runnation.com,Hoka,8382,724,"$2,982",$71
4/10/23,runnation.com,Nike,5852,340,$780,$30
4/10/23,runnation.com,New Balance,4858,434,$595,$35
4/10/23,runnation.com,Saucony,4826,470,"$1,395",$45
4/10/23,runnation.com,Asics,4241,204,$175,$35
4/10/23,runnation.com,Brooks,3890,440,"$1,280",$40
4/10/23,runnation.com,Adidas,3090,195,$484,$44
4/10/23,runnation.com,Altra,2606,113,$240,$40
4/10/23,runnation.com,Mizuno,1194,101,$300,$50
4/10/23,runnation.com,Under Armour,661,31,$20,$20
4/11/23,runnation.com,On Cloud,10552,1111,"$4,980",$60
4/11/23,runnation.com,Hoka,9208,489,"$1,764",$63
4/11/23,runnation.com,New Balance,6279,453,$595,$35
4/11/23,runnation.com,Nike,5409,458,$870,$30
4/11/23,runnation.com,Asics,4334,179,$245,$35
4/11/23,runnation.com,Saucony,3628,241,$720,$45
4/11/23,runnation.com,Brooks,3584,304,"$1,000",$40
4/11/23,runnation.com,Adidas,2874,150,$360,$45
4/11/23,runnation.com,Altra,2798,174,$400,$40
4/11/23,runnation.com,Mizuno,819,55,$100,$50
4/11/23,runnation.com,Under Armour,737,54,$40,$20
4/12/23,runnation.com,Hoka,8593,741,"$3,705",$65
4/12/23,runnation.com,On Cloud,8061,766,"$3,660",$60
4/12/23,runnation.com,Nike,5154,363,$810,$30
4/12/23,runnation.com,New Balance,4854,284,$490,$35
4/12/23,runnation.com,Asics,4347,175,$175,$35
4/12/23,runnation.com,Saucony,4079,227,$765,$45
4/12/23,runnation.com,Brooks,3926,334,$920,$40
4/12/23,runnation.com,Altra,2649,209,$360,$40
4/12/23,runnation.com,Adidas,2506,128,$378,$42
4/12/23,runnation.com,Mizuno,906,46,$100,$50
4/12/23,runnation.com,Under Armour,608,28,$40,$20
4/13/23,runnation.com,Hoka,9078,776,"$2,838",$66
4/13/23,runnation.com,On Cloud,7952,829,"$4,200",$60
4/13/23,runnation.com,New Balance,4831,315,$665,$35
4/13/23,runnation.com,Nike,4582,406,$930,$30
4/13/23,runnation.com,Asics,4505,252,$350,$35
4/13/23,runnation.com,Saucony,3668,216,$720,$45
4/13/23,runnation.com,Brooks,3564,292,$880,$40
4/13/23,runnation.com,Altra,2850,210,$520,$40
4/13/23,runnation.com,Adidas,2827,147,$410,$41
4/13/23,runnation.com,Mizuno,838,67,$200,$50
4/13/23,runnation.com,Under Armour,808,35,$20,$20
4/14/23,runnation.com,Hoka,10221,839,"$4,485",$65
4/14/23,runnation.com,On Cloud,8247,558,"$1,800",$60
4/14/23,runnation.com,Nike,5096,265,$600,$30
4/14/23,runnation.com,New Balance,4794,345,$595,$35
4/14/23,runnation.com,Saucony,4221,405,"$1,215",$45
4/14/23,runnation.com,Asics,3909,199,$210,$35
4/14/23,runnation.com,Brooks,3537,296,"$1,040",$40
4/14/23,runnation.com,Adidas,3431,193,$450,$45
4/14/23,runnation.com,Altra,2606,189,$440,$40
4/14/23,runnation.com,Mizuno,1048,44,$100,$50
4/14/23,runnation.com,Under Armour,865,53,$60,$20
4/15/23,runnation.com,Hoka,8778,694,"$3,920",$70
4/15/23,runnation.com,On Cloud,8291,562,"$2,820",$60
4/15/23,runnation.com,Nike,5822,498,"$1,140",$30
4/15/23,runnation.com,Saucony,4502,269,$765,$45
4/15/23,runnation.com,New Balance,4453,247,$350,$35
4/15/23,runnation.com,Brooks,4222,498,"$1,440",$40
4/15/23,runnation.com,Asics,4029,198,$280,$35
4/15/23,runnation.com,Adidas,3294,242,$462,$42
4/15/23,runnation.com,Altra,2864,185,$440,$40
4/15/23,runnation.com,Mizuno,969,52,$150,$50
4/15/23,runnation.com,Under Armour,782,55,$60,$20
4/16/23,runnation.com,Hoka,9464,562,"$1,980",$60
4/16/23,runnation.com,On Cloud,9174,713,"$2,520",$60
4/16/23,runnation.com,New Balance,5905,515,$980,$35
4/16/23,runnation.com,Nike,5079,379,$780,$30
4/16/23,runnation.com,Asics,4560,224,$350,$35
4/16/23,runnation.com,Saucony,4216,342,"$1,125",$45
4/16/23,runnation.com,Brooks,3813,416,"$1,320",$40
4/16/23,runnation.com,Adidas,3279,205,$630,$45
4/16/23,runnation.com,Altra,2692,176,$320,$40
4/16/23,runnation.com,Mizuno,838,63,$150,$50
4/16/23,runnation.com,Under Armour,741,48,$20,$20
4/17/23,runnation.com,On Cloud,10219,846,"$3,600",$60
4/17/23,runnation.com,Hoka,8215,569,"$2,990",$65
4/17/23,runnation.com,New Balance,6424,369,$700,$35
4/17/23,runnation.com,Nike,5064,455,"$1,080",$30
4/17/23,runnation.com,Brooks,4404,421,"$1,440",$40
4/17/23,runnation.com,Saucony,4366,419,"$1,440",$45
4/17/23,runnation.com,Asics,4066,253,$210,$35
4/17/23,runnation.com,Adidas,3087,219,$473,$43
4/17/23,runnation.com,Altra,2530,174,$440,$40
4/17/23,runnation.com,Mizuno,853,70,$200,$50
4/17/23,runnation.com,Under Armour,702,49,$20,$20
4/18/23,runnation.com,On Cloud,9365,1022,"$3,600",$60
4/18/23,runnation.com,Hoka,8644,631,"$2,850",$75
4/18/23,runnation.com,New Balance,5079,269,$315,$35
4/18/23,runnation.com,Nike,5004,426,"$1,050",$30
4/18/23,runnation.com,Asics,4564,204,$245,$35
4/18/23,runnation.com,Saucony,4000,234,$765,$45
4/18/23,runnation.com,Brooks,3581,408,"$1,480",$40
4/18/23,runnation.com,Adidas,3052,181,$480,$40
4/18/23,runnation.com,Altra,2979,195,$320,$40
4/18/23,runnation.com,Mizuno,1026,75,$250,$50
4/18/23,runnation.com,Under Armour,824,64,$40,$20
4/19/23,runnation.com,Hoka,9789,501,"$1,863",$69
4/19/23,runnation.com,On Cloud,8979,681,"$2,940",$60
4/19/23,runnation.com,Nike,5818,430,$870,$30
4/19/23,runnation.com,New Balance,5319,417,$805,$35
4/19/23,runnation.com,Asics,4469,273,$490,$35
4/19/23,runnation.com,Saucony,4081,308,"$1,035",$45
4/19/23,runnation.com,Brooks,3106,331,"$1,000",$40
4/19/23,runnation.com,Adidas,2613,210,$451,$41
4/19/23,runnation.com,Altra,2535,203,$400,$40
4/19/23,runnation.com,Mizuno,1036,90,$200,$50
4/19/23,runnation.com,Under Armour,659,48,$20,$20
4/20/23,runnation.com,On Cloud,10238,988,"$3,660",$60
4/20/23,runnation.com,Hoka,9771,692,"$3,080",$70
4/20/23,runnation.com,New Balance,5831,469,$665,$35
4/20/23,runnation.com,Nike,5607,433,"$1,050",$30
4/20/23,runnation.com,Brooks,4472,411,"$1,280",$40
4/20/23,runnation.com,Asics,4352,287,$455,$35
4/20/23,runnation.com,Saucony,4086,277,"$1,035",$45
4/20/23,runnation.com,Adidas,3286,276,$688,$43
4/20/23,runnation.com,Altra,2775,218,$400,$40
4/20/23,runnation.com,Mizuno,951,62,$150,$50
4/20/23,runnation.com,Under Armour,672,35,$20,$20
4/21/23,runnation.com,Hoka,10240,577,"$2,409",$73
4/21/23,runnation.com,On Cloud,8152,618,"$2,460",$60
4/21/23,runnation.com,Nike,5352,326,$690,$30
4/21/23,runnation.com,New Balance,4972,386,$735,$35
4/21/23,runnation.com,Saucony,4443,373,"$1,260",$45
4/21/23,runnation.com,Asics,4174,194,$280,$35
4/21/23,runnation.com,Brooks,3720,323,"$1,000",$40
4/21/23,runnation.com,Adidas,2861,187,$450,$45
4/21/23,runnation.com,Altra,2671,214,$400,$40
4/21/23,runnation.com,Mizuno,1061,70,$200,$50
4/21/23,runnation.com,Under Armour,699,34,$20,$20
4/22/23,runnation.com,Hoka,9108,740,"$4,032",$63
4/22/23,runnation.com,On Cloud,8742,736,"$2,400",$60
4/22/23,runnation.com,New Balance,4969,398,$735,$35
4/22/23,runnation.com,Nike,4676,301,$600,$30
4/22/23,runnation.com,Brooks,4091,382,"$1,400",$40
4/22/23,runnation.com,Asics,4068,165,$140,$35
4/22/23,runnation.com,Saucony,3762,292,"$1,035",$45
4/22/23,runnation.com,Adidas,3091,219,$533,$41
4/22/23,runnation.com,Altra,2583,206,$400,$40
4/22/23,runnation.com,Mizuno,1153,94,$250,$50
4/22/23,runnation.com,Under Armour,845,52,$20,$20
4/23/23,runnation.com,Hoka,9776,677,"$3,300",$60
4/23/23,runnation.com,On Cloud,9288,777,"$3,120",$60
4/23/23,runnation.com,Nike,4914,337,$630,$30
4/23/23,runnation.com,New Balance,4730,295,$350,$35
4/23/23,runnation.com,Asics,4511,197,$315,$35
4/23/23,runnation.com,Saucony,4468,344,"$1,260",$45
4/23/23,runnation.com,Brooks,3950,465,"$1,240",$40
4/23/23,runnation.com,Adidas,3011,210,$420,$42
4/23/23,runnation.com,Altra,2788,166,$400,$40
4/23/23,runnation.com,Mizuno,1028,86,$250,$50
4/23/23,runnation.com,Under Armour,799,53,$40,$20
4/24/23,runnation.com,On Cloud,10424,1075,"$3,300",$60
4/24/23,runnation.com,Hoka,7748,638,"$3,150",$70
4/24/23,runnation.com,Nike,5149,440,$870,$30
4/24/23,runnation.com,Saucony,4462,296,"$1,080",$45
4/24/23,runnation.com,New Balance,4215,255,$350,$35
4/24/23,runnation.com,Asics,4072,212,$280,$35
4/24/23,runnation.com,Brooks,3040,278,$960,$40
4/24/23,runnation.com,Altra,2532,161,$360,$40
4/24/23,runnation.com,Adidas,2506,132,$360,$40
4/24/23,runnation.com,Mizuno,956,78,$250,$50
4/24/23,runnation.com,Under Armour,779,34,$20,$20
4/25/23,runnation.com,Hoka,10329,818,"$3,139",$73
4/25/23,runnation.com,On Cloud,8841,601,"$2,340",$60
4/25/23,runnation.com,Nike,5448,458,$870,$30
4/25/23,runnation.com,New Balance,4344,318,$455,$35
4/25/23,runnation.com,Saucony,4250,242,$810,$45
4/25/23,runnation.com,Asics,4089,232,$210,$35
4/25/23,runnation.com,Brooks,3938,453,"$1,520",$40
4/25/23,runnation.com,Altra,2937,130,$320,$40
4/25/23,runnation.com,Adidas,2911,179,$405,$45
4/25/23,runnation.com,Mizuno,982,59,$150,$50
4/25/23,runnation.com,Under Armour,671,41,$20,$20
4/26/23,runnation.com,On Cloud,10016,819,"$3,300",$60
4/26/23,runnation.com,Hoka,8866,667,"$4,002",$69
4/26/23,runnation.com,New Balance,5471,482,$595,$35
4/26/23,runnation.com,Nike,4858,306,$660,$30
4/26/23,runnation.com,Asics,4177,177,$280,$35
4/26/23,runnation.com,Saucony,3385,203,$585,$45
4/26/23,runnation.com,Adidas,3252,203,$400,$40
4/26/23,runnation.com,Brooks,3185,339,"$1,160",$40
4/26/23,runnation.com,Altra,2777,198,$400,$40
4/26/23,runnation.com,Mizuno,864,75,$200,$50
4/26/23,runnation.com,Under Armour,662,48,$40,$20
4/27/23,runnation.com,Hoka,9372,835,"$4,420",$68
4/27/23,runnation.com,On Cloud,9017,619,"$1,980",$60
4/27/23,runnation.com,New Balance,4782,376,$455,$35
4/27/23,runnation.com,Nike,4638,244,$510,$30
4/27/23,runnation.com,Asics,3859,173,$210,$35
4/27/23,runnation.com,Saucony,3768,340,"$1,170",$45
4/27/23,runnation.com,Brooks,3085,352,$920,$40
4/27/23,runnation.com,Altra,2936,142,$280,$40
4/27/23,runnation.com,Adidas,2921,222,$473,$43
4/27/23,runnation.com,Mizuno,1077,62,$150,$50
4/27/23,runnation.com,Under Armour,686,38,$40,$20
4/28/23,runnation.com,On Cloud,10399,719,"$3,480",$60
4/28/23,runnation.com,Hoka,8268,441,"$2,100",$60
4/28/23,runnation.com,Nike,5971,339,$810,$30
4/28/23,runnation.com,Saucony,4933,261,$810,$45
4/28/23,runnation.com,New Balance,4803,412,$700,$35
4/28/23,runnation.com,Asics,4593,208,$280,$35
4/28/23,runnation.com,Adidas,3438,173,$344,$43
4/28/23,runnation.com,Brooks,3074,311,$840,$40
4/28/23,runnation.com,Altra,2849,218,$520,$40
4/28/23,runnation.com,Mizuno,877,42,$100,$50
4/28/23,runnation.com,Under Armour,753,58,$20,$20
4/29/23,runnation.com,On Cloud,10531,1142,"$4,620",$60
4/29/23,runnation.com,Hoka,9381,819,"$3,528",$63
4/29/23,runnation.com,New Balance,5876,363,$595,$35
4/29/23,runnation.com,Nike,4602,273,$540,$30
4/29/23,runnation.com,Asics,3986,229,$385,$35
4/29/23,runnation.com,Saucony,3936,336,"$1,125",$45
4/29/23,runnation.com,Brooks,3906,444,"$1,200",$40
4/29/23,runnation.com,Adidas,3167,282,$630,$42
4/29/23,runnation.com,Altra,2972,213,$440,$40
4/29/23,runnation.com,Mizuno,1076,66,$200,$50
4/29/23,runnation.com,Under Armour,673,47,$40,$20
4/30/23,runnation.com,On Cloud,8646,548,"$2,580",$60
4/30/23,runnation.com,Hoka,8239,601,"$2,760",$60
4/30/23,runnation.com,Nike,5850,369,$840,$30
4/30/23,runnation.com,Saucony,4284,341,"$1,170",$45
4/30/23,runnation.com,New Balance,4006,340,$630,$35
4/30/23,runnation.com,Brooks,4002,335,"$1,080",$40
4/30/23,runnation.com,Asics,3937,162,$175,$35
4/30/23,runnation.com,Adidas,2648,237,$533,$41
4/30/23,runnation.com,Altra,2536,151,$320,$40
4/30/23,runnation.com,Mizuno,1094,49,$100,$50
4/30/23,runnation.com,Under Armour,737,41,$40,$20
5/1/23,runnation.com,On Cloud,9684,922,"$3,000",$60
5/1/23,runnation.com,Hoka,8771,753,"$2,613",$67
5/1/23,runnation.com,Nike,5392,294,$690,$30
5/1/23,runnation.com,New Balance,5019,282,$420,$35
5/1/23,runnation.com,Saucony,4836,461,"$1,575",$45
5/1/23,runnation.com,Asics,4147,227,$350,$35
5/1/23,runnation.com,Brooks,3899,414,"$1,280",$40
5/1/23,runnation.com,Altra,2661,143,$280,$40
5/1/23,runnation.com,Adidas,2556,207,$396,$44
5/1/23,runnation.com,Mizuno,977,61,$150,$50
5/1/23,runnation.com,Under Armour,537,29,$20,$20
5/2/23,runnation.com,On Cloud,8938,676,"$2,760",$60
5/2/23,runnation.com,Hoka,8570,542,"$2,144",$67
5/2/23,runnation.com,Nike,5198,437,$960,$30
5/2/23,runnation.com,Saucony,4807,375,"$1,125",$45
5/2/23,runnation.com,Asics,4302,283,$455,$35
5/2/23,runnation.com,New Balance,4021,257,$525,$35
5/2/23,runnation.com,Brooks,3367,348,$880,$40
5/2/23,runnation.com,Adidas,3323,227,$520,$40
5/2/23,runnation.com,Altra,2726,152,$320,$40
5/2/23,runnation.com,Mizuno,1053,78,$200,$50
5/2/23,runnation.com,Under Armour,643,39,$20,$20
5/3/23,runnation.com,Hoka,9965,700,"$3,096",$72
5/3/23,runnation.com,On Cloud,9003,884,"$4,680",$60
5/3/23,runnation.com,New Balance,5671,329,$700,$35
5/3/23,runnation.com,Nike,4925,416,$870,$30
5/3/23,runnation.com,Asics,4054,225,$385,$35
5/3/23,runnation.com,Brooks,4032,398,"$1,440",$40
5/3/23,runnation.com,Saucony,3805,335,$945,$45
5/3/23,runnation.com,Adidas,3231,248,$640,$40
5/3/23,runnation.com,Altra,2779,194,$360,$40
5/3/23,runnation.com,Mizuno,911,51,$150,$50
5/3/23,runnation.com,Under Armour,647,41,$20,$20
5/4/23,runnation.com,On Cloud,10294,959,"$3,600",$60
5/4/23,runnation.com,Hoka,9815,877,"$4,425",$75
5/4/23,runnation.com,Nike,5527,306,$690,$30
5/4/23,runnation.com,New Balance,4566,249,$350,$35
5/4/23,runnation.com,Asics,4306,272,$315,$35
5/4/23,runnation.com,Saucony,4199,380,"$1,305",$45
5/4/23,runnation.com,Brooks,3539,410,"$1,080",$40
5/4/23,runnation.com,Adidas,2874,190,$369,$41
5/4/23,runnation.com,Altra,2820,168,$360,$40
5/4/23,runnation.com,Mizuno,1021,54,$150,$50
5/4/23,runnation.com,Under Armour,698,48,$40,$20
5/5/23,runnation.com,On Cloud,10384,662,"$2,520",$60
5/5/23,runnation.com,Hoka,10296,694,"$2,820",$60
5/5/23,runnation.com,New Balance,5292,282,$560,$35
5/5/23,runnation.com,Nike,4563,244,$480,$30
5/5/23,runnation.com,Asics,3999,164,$210,$35
5/5/23,runnation.com,Brooks,3663,428,"$1,200",$40
5/5/23,runnation.com,Saucony,3452,278,$765,$45
5/5/23,runnation.com,Adidas,2813,142,$328,$41
5/5/23,runnation.com,Altra,2767,181,$440,$40
5/5/23,runnation.com,Mizuno,1063,85,$250,$50
5/5/23,runnation.com,Under Armour,550,44,$20,$20
5/6/23,runnation.com,On Cloud,10140,879,"$3,660",$60
5/6/23,runnation.com,Hoka,8631,447,"$1,575",$63
5/6/23,runnation.com,New Balance,6374,352,$770,$35
5/6/23,runnation.com,Nike,5524,432,$930,$30
5/6/23,runnation.com,Saucony,4788,258,$945,$45
5/6/23,runnation.com,Asics,3873,182,$245,$35
5/6/23,runnation.com,Brooks,3158,274,$960,$40
5/6/23,runnation.com,Altra,2940,220,$440,$40
5/6/23,runnation.com,Adidas,2784,231,$400,$40
5/6/23,runnation.com,Mizuno,962,57,$150,$50
5/6/23,runnation.com,Under Armour,666,32,$20,$20
5/7/23,runnation.com,On Cloud,10431,667,"$3,060",$60
5/7/23,runnation.com,Hoka,9098,624,"$2,925",$65
5/7/23,runnation.com,New Balance,6081,400,$595,$35
5/7/23,runnation.com,Nike,4772,336,$690,$30
5/7/23,runnation.com,Brooks,4383,506,"$1,720",$40
5/7/23,runnation.com,Saucony,4196,387,"$1,125",$45
5/7/23,runnation.com,Asics,3859,219,$175,$35
5/7/23,runnation.com,Adidas,2710,164,$369,$41
5/7/23,runnation.com,Altra,2516,123,$320,$40
5/7/23,runnation.com,Mizuno,950,80,$150,$50
5/7/23,runnation.com,Under Armour,678,46,$40,$20
5/8/23,runnation.com,On Cloud,9727,803,"$3,180",$60
5/8/23,runnation.com,Hoka,9717,848,"$4,500",$60
5/8/23,runnation.com,New Balance,6498,340,$595,$35
5/8/23,runnation.com,Asics,4520,238,$210,$35
5/8/23,runnation.com,Nike,4477,253,$480,$30
5/8/23,runnation.com,Brooks,4165,334,"$1,200",$40
5/8/23,runnation.com,Saucony,3863,386,"$1,305",$45
5/8/23,runnation.com,Adidas,2834,207,$516,$43
5/8/23,runnation.com,Altra,2701,153,$360,$40
5/8/23,runnation.com,Mizuno,1100,45,$150,$50
5/8/23,runnation.com,Under Armour,694,36,$20,$20
5/9/23,runnation.com,Hoka,9834,591,"$2,898",$63
5/9/23,runnation.com,On Cloud,9101,619,"$3,120",$60
5/9/23,runnation.com,New Balance,6376,544,"$1,015",$35
5/9/23,runnation.com,Nike,4470,333,$780,$30
5/9/23,runnation.com,Asics,4402,289,$280,$35
5/9/23,runnation.com,Saucony,4391,249,$855,$45
5/9/23,runnation.com,Brooks,4258,358,"$1,160",$40
5/9/23,runnation.com,Adidas,3187,250,$559,$43
5/9/23,runnation.com,Altra,2667,202,$360,$40
5/9/23,runnation.com,Mizuno,895,50,$100,$50
5/9/23,runnation.com,Under Armour,716,46,$20,$20
5/10/23,runnation.com,On Cloud,10840,957,"$3,900",$60
5/10/23,runnation.com,Hoka,8574,557,"$2,898",$69
5/10/23,runnation.com,New Balance,5540,338,$420,$35
5/10/23,runnation.com,Nike,4726,274,$630,$30
5/10/23,runnation.com,Asics,4518,257,$210,$35
5/10/23,runnation.com,Adidas,3484,313,$756,$42
5/10/23,runnation.com,Brooks,3454,397,"$1,400",$40
5/10/23,runnation.com,Saucony,3308,268,$810,$45
5/10/23,runnation.com,Altra,2640,167,$400,$40
5/10/23,runnation.com,Mizuno,877,61,$100,$50
5/10/23,runnation.com,Under Armour,634,48,$40,$20
5/11/23,runnation.com,Hoka,9072,732,"$2,752",$64
5/11/23,runnation.com,On Cloud,8924,861,"$2,940",$60
5/11/23,runnation.com,Nike,5568,308,$660,$30
5/11/23,runnation.com,New Balance,4632,324,$665,$35
5/11/23,runnation.com,Asics,4501,227,$315,$35
5/11/23,runnation.com,Saucony,4283,235,$855,$45
5/11/23,runnation.com,Brooks,3280,322,"$1,120",$40
5/11/23,runnation.com,Adidas,3047,186,$352,$44
5/11/23,runnation.com,Altra,2969,157,$360,$40
5/11/23,runnation.com,Mizuno,852,43,$100,$50
5/11/23,runnation.com,Under Armour,571,25,$20,$20
5/12/23,runnation.com,On Cloud,10441,999,"$3,840",$60
5/12/23,runnation.com,Hoka,9308,554,"$2,990",$65
5/12/23,runnation.com,Nike,4799,280,$630,$30
5/12/23,runnation.com,New Balance,4240,381,$630,$35
5/12/23,runnation.com,Asics,4119,208,$175,$35
5/12/23,runnation.com,Saucony,4107,227,$810,$45
5/12/23,runnation.com,Brooks,4062,486,"$1,520",$40
5/12/23,runnation.com,Adidas,2940,244,$484,$44
5/12/23,runnation.com,Altra,2578,141,$360,$40
5/12/23,runnation.com,Mizuno,875,45,$100,$50
5/12/23,runnation.com,Under Armour,610,35,$20,$20
5/13/23,runnation.com,On Cloud,10639,1098,"$5,280",$60
5/13/23,runnation.com,Hoka,9417,577,"$2,418",$62
5/13/23,runnation.com,Nike,4641,351,$690,$30
5/13/23,runnation.com,Asics,4231,175,$280,$35
5/13/23,runnation.com,Brooks,4154,403,"$1,440",$40
5/13/23,runnation.com,New Balance,4022,249,$455,$35
5/13/23,runnation.com,Saucony,3508,286,$855,$45
5/13/23,runnation.com,Adidas,3459,176,$352,$44
5/13/23,runnation.com,Altra,2705,188,$360,$40
5/13/23,runnation.com,Mizuno,1078,74,$150,$50
5/13/23,runnation.com,Under Armour,730,52,$40,$20
5/14/23,runnation.com,Hoka,9867,545,"$2,928",$61
5/14/23,runnation.com,On Cloud,9092,647,"$2,400",$60
5/14/23,runnation.com,New Balance,4862,255,$420,$35
5/14/23,runnation.com,Nike,4649,261,$480,$30
5/14/23,runnation.com,Asics,4374,180,$245,$35
5/14/23,runnation.com,Saucony,3839,270,$765,$45
5/14/23,runnation.com,Adidas,3440,221,$574,$41
5/14/23,runnation.com,Brooks,3388,389,"$1,200",$40
5/14/23,runnation.com,Altra,2689,143,$280,$40
5/14/23,runnation.com,Mizuno,1184,84,$250,$50
5/14/23,runnation.com,Under Armour,710,32,$40,$20
5/15/23,runnation.com,On Cloud,10867,922,"$3,420",$60
5/15/23,runnation.com,Hoka,9893,803,"$3,256",$74
5/15/23,runnation.com,New Balance,5785,352,$560,$35
5/15/23,runnation.com,Nike,5505,448,"$1,020",$30
5/15/23,runnation.com,Asics,3972,237,$350,$35
5/15/23,runnation.com,Brooks,3528,407,"$1,160",$40
5/15/23,runnation.com,Saucony,3305,256,$810,$45
5/15/23,runnation.com,Adidas,3198,237,$574,$41
5/15/23,runnation.com,Altra,2730,127,$240,$40
5/15/23,runnation.com,Mizuno,843,50,$100,$50
5/15/23,runnation.com,Under Armour,641,40,$20,$20
5/16/23,runnation.com,Hoka,8915,704,"$3,712",$64
5/16/23,runnation.com,On Cloud,8604,676,"$2,520",$60
5/16/23,runnation.com,Nike,5528,364,$690,$30
5/16/23,runnation.com,New Balance,4835,245,$385,$35
5/16/23,runnation.com,Asics,4091,278,$455,$35
5/16/23,runnation.com,Saucony,3996,384,"$1,305",$45
5/16/23,runnation.com,Brooks,3994,439,"$1,600",$40
5/16/23,runnation.com,Adidas,2958,208,$533,$41
5/16/23,runnation.com,Altra,2771,204,$480,$40
5/16/23,runnation.com,Mizuno,949,85,$150,$50
5/16/23,runnation.com,Under Armour,622,42,$40,$20
5/17/23,runnation.com,Hoka,10794,671,"$3,591",$63
5/17/23,runnation.com,On Cloud,8488,879,"$3,600",$60
5/17/23,runnation.com,Nike,4939,345,$780,$30
5/17/23,runnation.com,New Balance,4691,299,$560,$35
5/17/23,runnation.com,Saucony,4531,329,$990,$45
5/17/23,runnation.com,Asics,4517,239,$280,$35
5/17/23,runnation.com,Brooks,3081,362,$960,$40
5/17/23,runnation.com,Adidas,3007,270,$602,$43
5/17/23,runnation.com,Altra,2919,223,$520,$40
5/17/23,runnation.com,Mizuno,1090,74,$200,$50
5/17/23,runnation.com,Under Armour,624,50,$40,$20
5/18/23,runnation.com,Hoka,11196,973,"$5,022",$62
5/18/23,runnation.com,On Cloud,10384,1069,"$5,580",$60
5/18/23,runnation.com,New Balance,6141,403,$525,$35
5/18/23,runnation.com,Asics,4588,244,$350,$35
5/18/23,runnation.com,Nike,4229,222,$540,$30
5/18/23,runnation.com,Saucony,3479,294,"$1,035",$45
5/18/23,runnation.com,Brooks,3069,261,$800,$40
5/18/23,runnation.com,Altra,2957,163,$360,$40
5/18/23,runnation.com,Adidas,2932,192,$504,$42
5/18/23,runnation.com,Mizuno,865,59,$200,$50
5/18/23,runnation.com,Under Armour,716,41,$20,$20
5/19/23,runnation.com,Hoka,10058,524,"$2,117",$73
5/19/23,runnation.com,On Cloud,9738,702,"$2,640",$60
5/19/23,runnation.com,New Balance,4855,416,$875,$35
5/19/23,runnation.com,Nike,4520,379,$780,$30
5/19/23,runnation.com,Asics,4204,226,$280,$35
5/19/23,runnation.com,Brooks,3684,394,"$1,160",$40
5/19/23,runnation.com,Saucony,3494,194,$630,$45
5/19/23,runnation.com,Altra,2877,217,$480,$40
5/19/23,runnation.com,Adidas,2587,196,$369,$41
5/19/23,runnation.com,Mizuno,988,63,$150,$50
5/19/23,runnation.com,Under Armour,516,25,$20,$20
5/20/23,runnation.com,On Cloud,10175,847,"$2,940",$60
5/20/23,runnation.com,Hoka,10041,897,"$3,286",$62
5/20/23,runnation.com,Nike,4800,357,$840,$30
5/20/23,runnation.com,Asics,4586,198,$210,$35
5/20/23,runnation.com,Brooks,4492,412,"$1,160",$40
5/20/23,runnation.com,New Balance,4474,391,$630,$35
5/20/23,runnation.com,Saucony,3942,308,"$1,125",$45
5/20/23,runnation.com,Adidas,3317,265,$533,$41
5/20/23,runnation.com,Altra,2722,133,$280,$40
5/20/23,runnation.com,Mizuno,1189,58,$150,$50
5/20/23,runnation.com,Under Armour,576,45,$20,$20
5/21/23,runnation.com,On Cloud,9860,1013,"$4,380",$60
5/21/23,runnation.com,Hoka,8891,623,"$3,225",$75
5/21/23,runnation.com,New Balance,6408,528,$910,$35
5/21/23,runnation.com,Nike,5365,333,$750,$30
5/21/23,runnation.com,Saucony,4581,344,"$1,215",$45
5/21/23,runnation.com,Asics,3901,192,$280,$35
5/21/23,runnation.com,Adidas,3290,295,$645,$43
5/21/23,runnation.com,Brooks,3180,331,$840,$40
5/21/23,runnation.com,Altra,2950,190,$400,$40
5/21/23,runnation.com,Mizuno,1127,58,$100,$50
5/21/23,runnation.com,Under Armour,739,47,$40,$20
5/22/23,runnation.com,On Cloud,10277,618,"$2,400",$60
5/22/23,runnation.com,Hoka,9599,591,"$2,048",$64
5/22/23,runnation.com,New Balance,5201,408,$840,$35
5/22/23,runnation.com,Saucony,4686,359,"$1,260",$45
5/22/23,runnation.com,Nike,4435,284,$660,$30
5/22/23,runnation.com,Asics,4266,244,$210,$35
5/22/23,runnation.com,Brooks,3202,345,"$1,160",$40
5/22/23,runnation.com,Altra,2687,147,$320,$40
5/22/23,runnation.com,Adidas,2652,174,$504,$42
5/22/23,runnation.com,Mizuno,814,43,$100,$50
5/22/23,runnation.com,Under Armour,559,24,$20,$20
5/23/23,runnation.com,Hoka,9164,476,"$1,972",$68
5/23/23,runnation.com,On Cloud,8676,731,"$3,900",$60
5/23/23,runnation.com,New Balance,6147,418,$770,$35
5/23/23,runnation.com,Nike,4604,342,$780,$30
5/23/23,runnation.com,Asics,4486,288,$525,$35
5/23/23,runnation.com,Brooks,3729,347,$920,$40
5/23/23,runnation.com,Saucony,3620,206,$630,$45
5/23/23,runnation.com,Adidas,2800,153,$344,$43
5/23/23,runnation.com,Altra,2598,180,$400,$40
5/23/23,runnation.com,Mizuno,1058,68,$200,$50
5/23/23,runnation.com,Under Armour,552,34,$40,$20
5/24/23,runnation.com,On Cloud,10247,635,"$3,360",$60
5/24/23,runnation.com,Hoka,9524,565,"$3,337",$71
5/24/23,runnation.com,New Balance,5926,526,$805,$35
5/24/23,runnation.com,Saucony,4788,441,"$1,440",$45
5/24/23,runnation.com,Nike,4614,278,$690,$30
5/24/23,runnation.com,Asics,3949,192,$280,$35
5/24/23,runnation.com,Adidas,3334,196,$616,$44
5/24/23,runnation.com,Brooks,3205,258,$800,$40
5/24/23,runnation.com,Altra,2665,137,$280,$40
5/24/23,runnation.com,Mizuno,1002,44,$100,$50
5/24/23,runnation.com,Under Armour,578,37,$20,$20
5/25/23,runnation.com,Hoka,10391,930,"$3,591",$63
5/25/23,runnation.com,On Cloud,8578,625,"$2,700",$60
5/25/23,runnation.com,New Balance,6248,454,$665,$35
5/25/23,runnation.com,Saucony,4539,354,"$1,215",$45
5/25/23,runnation.com,Nike,4433,287,$600,$30
5/25/23,runnation.com,Asics,4358,189,$245,$35
5/25/23,runnation.com,Brooks,4127,491,"$1,440",$40
5/25/23,runnation.com,Adidas,3360,214,$516,$43
5/25/23,runnation.com,Altra,2654,207,$360,$40
5/25/23,runnation.com,Mizuno,980,44,$100,$50
5/25/23,runnation.com,Under Armour,677,45,$20,$20
5/26/23,runnation.com,Hoka,9095,485,"$2,170",$62
5/26/23,runnation.com,On Cloud,9026,734,"$2,220",$60
5/26/23,runnation.com,New Balance,5310,376,$735,$35
5/26/23,runnation.com,Nike,4825,310,$630,$30
5/26/23,runnation.com,Saucony,4491,401,"$1,125",$45
5/26/23,runnation.com,Asics,4095,259,$245,$35
5/26/23,runnation.com,Brooks,3092,335,$840,$40
5/26/23,runnation.com,Altra,2606,140,$240,$40
5/26/23,runnation.com,Adidas,2539,201,$410,$41
5/26/23,runnation.com,Mizuno,1099,52,$150,$50
5/26/23,runnation.com,Under Armour,658,36,$20,$20
5/27/23,runnation.com,Hoka,10767,602,"$3,050",$61
5/27/23,runnation.com,On Cloud,10615,771,"$3,000",$60
5/27/23,runnation.com,Nike,5400,462,"$1,050",$30
5/27/23,runnation.com,New Balance,5078,380,$665,$35
5/27/23,runnation.com,Asics,4008,249,$280,$35
5/27/23,runnation.com,Saucony,3997,244,$900,$45
5/27/23,runnation.com,Brooks,3004,263,$720,$40
5/27/23,runnation.com,Altra,2697,187,$360,$40
5/27/23,runnation.com,Adidas,2612,204,$378,$42
5/27/23,runnation.com,Mizuno,947,63,$150,$50
5/27/23,runnation.com,Under Armour,706,57,$40,$20
5/28/23,runnation.com,On Cloud,9384,675,"$3,060",$60
5/28/23,runnation.com,Hoka,8606,656,"$3,243",$69
5/28/23,runnation.com,New Balance,5993,390,$735,$35
5/28/23,runnation.com,Saucony,4698,236,$720,$45
5/28/23,runnation.com,Nike,4332,318,$660,$30
5/28/23,runnation.com,Brooks,4095,335,"$1,160",$40
5/28/23,runnation.com,Asics,3909,213,$210,$35
5/28/23,runnation.com,Altra,2696,159,$360,$40
5/28/23,runnation.com,Adidas,2505,187,$352,$44
5/28/23,runnation.com,Mizuno,846,68,$200,$50
5/28/23,runnation.com,Under Armour,530,40,$40,$20
5/29/23,runnation.com,On Cloud,10564,1013,"$4,860",$60
5/29/23,runnation.com,Hoka,9809,741,"$3,200",$64
5/29/23,runnation.com,New Balance,6002,512,"$1,050",$35
5/29/23,runnation.com,Nike,5258,457,"$1,020",$30
5/29/23,runnation.com,Brooks,4242,485,"$1,720",$40
5/29/23,runnation.com,Asics,4095,225,$350,$35
5/29/23,runnation.com,Saucony,3671,312,$990,$45
5/29/23,runnation.com,Adidas,3221,193,$336,$42
5/29/23,runnation.com,Altra,2517,117,$240,$40
5/29/23,runnation.com,Mizuno,1074,59,$150,$50
5/29/23,runnation.com,Under Armour,619,42,$40,$20
5/30/23,runnation.com,On Cloud,10605,657,"$2,280",$60
5/30/23,runnation.com,Hoka,9497,607,"$2,592",$72
5/30/23,runnation.com,New Balance,5897,306,$350,$35
5/30/23,runnation.com,Nike,4780,367,$900,$30
5/30/23,runnation.com,Asics,4559,265,$245,$35
5/30/23,runnation.com,Saucony,3580,353,$990,$45
5/30/23,runnation.com,Brooks,3526,389,"$1,360",$40
5/30/23,runnation.com,Altra,2895,166,$360,$40
5/30/23,runnation.com,Adidas,2539,204,$546,$42
5/30/23,runnation.com,Mizuno,1164,54,$200,$50
5/30/23,runnation.com,Under Armour,515,28,$40,$20
5/31/23,runnation.com,On Cloud,11138,999,"$4,800",$60
5/31/23,runnation.com,Hoka,9734,827,"$3,960",$72
5/31/23,runnation.com,New Balance,4775,422,$805,$35
5/31/23,runnation.com,Nike,4483,343,$660,$30
5/31/23,runnation.com,Saucony,4388,245,$855,$45
5/31/23,runnation.com,Asics,3934,194,$175,$35
5/31/23,runnation.com,Brooks,3063,350,"$1,240",$40
5/31/23,runnation.com,Adidas,2719,156,$287,$41
5/31/23,runnation.com,Altra,2523,183,$440,$40
5/31/23,runnation.com,Mizuno,815,52,$150,$50
5/31/23,runnation.com,Under Armour,588,32,$20,$20
6/1/23,runnation.com,Hoka,9392,579,"$2,867",$61
6/1/23,runnation.com,On Cloud,8957,629,"$2,160",$60
6/1/23,runnation.com,New Balance,5841,510,$735,$35
6/1/23,runnation.com,Nike,4747,319,$600,$30
6/1/23,runnation.com,Asics,4044,198,$245,$35
6/1/23,runnation.com,Saucony,3945,312,"$1,035",$45
6/1/23,runnation.com,Brooks,3349,317,$920,$40
6/1/23,runnation.com,Adidas,2882,149,$430,$43
6/1/23,runnation.com,Altra,2637,174,$320,$40
6/1/23,runnation.com,Mizuno,1150,58,$100,$50
6/1/23,runnation.com,Under Armour,432,27,$20,$20
6/2/23,runnation.com,On Cloud,9969,760,"$2,700",$60
6/2/23,runnation.com,Hoka,9710,494,"$1,914",$66
6/2/23,runnation.com,New Balance,5155,463,$665,$35
6/2/23,runnation.com,Saucony,4131,401,"$1,305",$45
6/2/23,runnation.com,Nike,3937,325,$660,$30
6/2/23,runnation.com,Asics,3904,211,$350,$35
6/2/23,runnation.com,Brooks,3798,363,$920,$40
6/2/23,runnation.com,Adidas,2935,197,$430,$43
6/2/23,runnation.com,Altra,2517,167,$320,$40
6/2/23,runnation.com,Mizuno,996,79,$250,$50
6/2/23,runnation.com,Under Armour,581,45,$40,$20
6/3/23,runnation.com,Hoka,11774,922,"$5,084",$62
6/3/23,runnation.com,On Cloud,9046,875,"$3,540",$60
6/3/23,runnation.com,New Balance,6201,398,$455,$35
6/3/23,runnation.com,Nike,4781,241,$510,$30
6/3/23,runnation.com,Saucony,4160,279,$765,$45
6/3/23,runnation.com,Asics,4057,197,$245,$35
6/3/23,runnation.com,Brooks,3797,392,"$1,080",$40
6/3/23,runnation.com,Adidas,3395,223,$533,$41
6/3/23,runnation.com,Altra,2582,120,$240,$40
6/3/23,runnation.com,Mizuno,863,49,$150,$50
6/3/23,runnation.com,Under Armour,479,37,$40,$20
6/4/23,runnation.com,On Cloud,10990,706,"$2,280",$60
6/4/23,runnation.com,Hoka,10614,910,"$4,216",$68
6/4/23,runnation.com,New Balance,4848,278,$595,$35
6/4/23,runnation.com,Saucony,4441,405,"$1,215",$45
6/4/23,runnation.com,Nike,4027,219,$510,$30
6/4/23,runnation.com,Asics,3905,201,$350,$35
6/4/23,runnation.com,Brooks,3386,400,"$1,080",$40
6/4/23,runnation.com,Adidas,3123,250,$616,$44
6/4/23,runnation.com,Altra,2527,180,$320,$40
6/4/23,runnation.com,Mizuno,940,83,$200,$50
6/4/23,runnation.com,Under Armour,487,26,$40,$20
6/5/23,runnation.com,On Cloud,11572,1237,"$4,920",$60
6/5/23,runnation.com,Hoka,9122,515,"$2,948",$67
6/5/23,runnation.com,New Balance,6158,370,$770,$35
6/5/23,runnation.com,Saucony,4537,245,$765,$45
6/5/23,runnation.com,Asics,4080,258,$455,$35
6/5/23,runnation.com,Brooks,4050,413,"$1,040",$40
6/5/23,runnation.com,Nike,3933,327,$720,$30
6/5/23,runnation.com,Adidas,2678,140,$405,$45
6/5/23,runnation.com,Altra,2576,114,$280,$40
6/5/23,runnation.com,Mizuno,1041,49,$150,$50
6/5/23,runnation.com,Under Armour,528,42,$20,$20
6/6/23,runnation.com,Hoka,11960,855,"$2,940",$60
6/6/23,runnation.com,On Cloud,11652,965,"$4,020",$60
6/6/23,runnation.com,New Balance,5659,464,$700,$35
6/6/23,runnation.com,Nike,5087,310,$750,$30
6/6/23,runnation.com,Asics,4054,182,$280,$35
6/6/23,runnation.com,Saucony,3554,328,$900,$45
6/6/23,runnation.com,Brooks,3452,365,"$1,240",$40
6/6/23,runnation.com,Adidas,3025,165,$378,$42
6/6/23,runnation.com,Altra,2638,123,$240,$40
6/6/23,runnation.com,Mizuno,1018,86,$200,$50
6/6/23,runnation.com,Under Armour,430,21,$20,$20
6/7/23,runnation.com,Hoka,11939,600,"$2,760",$60
6/7/23,runnation.com,On Cloud,9907,700,"$2,400",$60
6/7/23,runnation.com,New Balance,4925,277,$455,$35
6/7/23,runnation.com,Nike,4918,420,$870,$30
6/7/23,runnation.com,Saucony,4778,397,"$1,350",$45
6/7/23,runnation.com,Brooks,4417,358,"$1,000",$40
6/7/23,runnation.com,Asics,4136,287,$245,$35
6/7/23,runnation.com,Adidas,3370,226,$602,$43
6/7/23,runnation.com,Altra,2799,185,$440,$40
6/7/23,runnation.com,Mizuno,838,46,$100,$50
6/7/23,runnation.com,Under Armour,444,32,$20,$20
6/8/23,runnation.com,Hoka,10827,937,"$3,763",$71
6/8/23,runnation.com,On Cloud,9155,833,"$3,720",$60
6/8/23,runnation.com,New Balance,5358,448,$700,$35
6/8/23,runnation.com,Nike,4731,380,$810,$30
6/8/23,runnation.com,Asics,4502,304,$525,$35
6/8/23,runnation.com,Saucony,4262,417,"$1,395",$45
6/8/23,runnation.com,Brooks,3400,275,$920,$40
6/8/23,runnation.com,Adidas,3164,227,$615,$41
6/8/23,runnation.com,Altra,2689,195,$480,$40
6/8/23,runnation.com,Mizuno,1165,88,$200,$50
6/8/23,runnation.com,Under Armour,591,39,$20,$20
6/9/23,runnation.com,On Cloud,11005,862,"$3,600",$60
6/9/23,runnation.com,Hoka,9781,571,"$2,925",$75
6/9/23,runnation.com,New Balance,5419,449,$840,$35
6/9/23,runnation.com,Nike,4361,323,$780,$30
6/9/23,runnation.com,Asics,4184,209,$245,$35
6/9/23,runnation.com,Brooks,3571,421,"$1,080",$40
6/9/23,runnation.com,Saucony,3301,176,$585,$45
6/9/23,runnation.com,Adidas,2983,158,$378,$42
6/9/23,runnation.com,Altra,2642,125,$240,$40
6/9/23,runnation.com,Mizuno,820,70,$150,$50
6/9/23,runnation.com,Under Armour,463,24,$20,$20
6/10/23,runnation.com,On Cloud,11585,1236,"$4,620",$60
6/10/23,runnation.com,Hoka,11237,649,"$3,990",$70
6/10/23,runnation.com,New Balance,4679,362,$735,$35
6/10/23,runnation.com,Saucony,4607,339,$990,$45
6/10/23,runnation.com,Nike,4106,344,$780,$30
6/10/23,runnation.com,Asics,3925,189,$210,$35
6/10/23,runnation.com,Brooks,3157,271,$840,$40
6/10/23,runnation.com,Altra,2624,113,$240,$40
6/10/23,runnation.com,Adidas,2504,190,$572,$44
6/10/23,runnation.com,Mizuno,1106,56,$200,$50
6/10/23,runnation.com,Under Armour,590,44,$40,$20
6/11/23,runnation.com,On Cloud,11161,1190,"$5,040",$60
6/11/23,runnation.com,Hoka,8869,461,"$2,077",$67
6/11/23,runnation.com,Asics,4289,232,$385,$35
6/11/23,runnation.com,New Balance,4132,296,$630,$35
6/11/23,runnation.com,Nike,4095,260,$540,$30
6/11/23,runnation.com,Saucony,3984,256,$810,$45
6/11/23,runnation.com,Brooks,3569,309,"$1,000",$40
6/11/23,runnation.com,Adidas,3451,242,$731,$43
6/11/23,runnation.com,Altra,2703,210,$400,$40
6/11/23,runnation.com,Mizuno,1013,60,$150,$50
6/11/23,runnation.com,Under Armour,403,30,$40,$20
6/12/23,runnation.com,On Cloud,10760,696,"$3,360",$60
6/12/23,runnation.com,Hoka,9010,531,"$2,400",$60
6/12/23,runnation.com,New Balance,5267,435,$805,$35
6/12/23,runnation.com,Saucony,4624,368,"$1,170",$45
6/12/23,runnation.com,Asics,4394,229,$420,$35
6/12/23,runnation.com,Nike,4244,369,$780,$30
6/12/23,runnation.com,Brooks,4024,364,"$1,320",$40
6/12/23,runnation.com,Adidas,3051,247,$714,$42
6/12/23,runnation.com,Altra,2601,170,$400,$40
6/12/23,runnation.com,Mizuno,1141,46,$100,$50
6/12/23,runnation.com,Under Armour,445,24,$20,$20
6/13/23,runnation.com,Hoka,10741,549,"$2,460",$60
6/13/23,runnation.com,On Cloud,10555,1011,"$4,740",$60
6/13/23,runnation.com,Nike,5098,315,$720,$30
6/13/23,runnation.com,Asics,4375,285,$245,$35
6/13/23,runnation.com,New Balance,4322,324,$525,$35
6/13/23,runnation.com,Saucony,4214,379,"$1,260",$45
6/13/23,runnation.com,Brooks,3487,366,"$1,320",$40
6/13/23,runnation.com,Adidas,2884,159,$378,$42
6/13/23,runnation.com,Altra,2741,163,$320,$40
6/13/23,runnation.com,Mizuno,962,78,$150,$50
6/13/23,runnation.com,Under Armour,517,26,$20,$20
6/14/23,runnation.com,Hoka,9778,635,"$2,838",$66
6/14/23,runnation.com,On Cloud,8982,921,"$3,960",$60
6/14/23,runnation.com,New Balance,5702,450,$665,$35
6/14/23,runnation.com,Nike,4748,280,$570,$30
6/14/23,runnation.com,Saucony,4137,392,"$1,395",$45
6/14/23,runnation.com,Asics,4095,223,$315,$35
6/14/23,runnation.com,Adidas,3173,226,$462,$42
6/14/23,runnation.com,Brooks,3038,329,$960,$40
6/14/23,runnation.com,Altra,2693,119,$240,$40
6/14/23,runnation.com,Mizuno,1134,62,$200,$50
6/14/23,runnation.com,Under Armour,489,21,$20,$20
6/15/23,runnation.com,On Cloud,10948,880,"$4,680",$60
6/15/23,runnation.com,Hoka,10138,613,"$2,623",$61
6/15/23,runnation.com,New Balance,5738,289,$350,$35
6/15/23,runnation.com,Nike,4501,356,$810,$30
6/15/23,runnation.com,Saucony,4430,330,"$1,035",$45
6/15/23,runnation.com,Asics,4303,261,$455,$35
6/15/23,runnation.com,Brooks,3200,309,$840,$40
6/15/23,runnation.com,Adidas,2902,228,$546,$42
6/15/23,runnation.com,Altra,2591,167,$280,$40
6/15/23,runnation.com,Mizuno,1146,94,$250,$50
6/15/23,runnation.com,Under Armour,430,32,$40,$20
6/16/23,runnation.com,On Cloud,10313,897,"$4,080",$60
6/16/23,runnation.com,Hoka,9011,742,"$3,944",$68
6/16/23,runnation.com,New Balance,5801,486,$630,$35
6/16/23,runnation.com,Nike,4910,284,$630,$30
6/16/23,runnation.com,Asics,3891,236,$280,$35
6/16/23,runnation.com,Saucony,3451,276,$900,$45
6/16/23,runnation.com,Brooks,3307,371,"$1,080",$40
6/16/23,runnation.com,Adidas,2838,158,$360,$40
6/16/23,runnation.com,Altra,2535,193,$400,$40
6/16/23,runnation.com,Mizuno,834,43,$100,$50
6/16/23,runnation.com,Under Armour,484,20,$20,$20
6/17/23,runnation.com,On Cloud,11255,1181,"$4,740",$60
6/17/23,runnation.com,Hoka,9104,589,"$2,142",$63
6/17/23,runnation.com,New Balance,6178,369,$735,$35
6/17/23,runnation.com,Nike,4726,275,$660,$30
6/17/23,runnation.com,Asics,4421,192,$175,$35
6/17/23,runnation.com,Saucony,3851,328,"$1,125",$45
6/17/23,runnation.com,Brooks,3495,404,"$1,000",$40
6/17/23,runnation.com,Adidas,3252,287,$560,$40
6/17/23,runnation.com,Altra,2513,137,$320,$40
6/17/23,runnation.com,Mizuno,962,85,$200,$50
6/17/23,runnation.com,Under Armour,438,23,$20,$20
6/18/23,runnation.com,Hoka,11467,739,"$3,366",$66
6/18/23,runnation.com,On Cloud,11412,723,"$3,120",$60
6/18/23,runnation.com,New Balance,4535,351,$455,$35
6/18/23,runnation.com,Nike,4250,295,$600,$30
6/18/23,runnation.com,Saucony,3909,235,$720,$45
6/18/23,runnation.com,Asics,3827,180,$245,$35
6/18/23,runnation.com,Brooks,3512,370,"$1,000",$40
6/18/23,runnation.com,Adidas,3202,224,$546,$42
6/18/23,runnation.com,Altra,2749,210,$400,$40
6/18/23,runnation.com,Mizuno,892,66,$150,$50
6/18/23,runnation.com,Under Armour,589,33,$20,$20
6/19/23,runnation.com,On Cloud,10196,846,"$3,420",$60
6/19/23,runnation.com,Hoka,8850,553,"$2,816",$64
6/19/23,runnation.com,New Balance,5639,430,$910,$35
6/19/23,runnation.com,Nike,4858,385,$840,$30
6/19/23,runnation.com,Asics,4152,240,$385,$35
6/19/23,runnation.com,Brooks,3757,445,"$1,120",$40
6/19/23,runnation.com,Saucony,3729,308,$945,$45
6/19/23,runnation.com,Altra,2815,128,$320,$40
6/19/23,runnation.com,Adidas,2802,170,$484,$44
6/19/23,runnation.com,Mizuno,1016,55,$150,$50
6/19/23,runnation.com,Under Armour,466,22,$20,$20
6/20/23,runnation.com,On Cloud,11781,806,"$3,600",$60
6/20/23,runnation.com,Hoka,9733,865,"$4,615",$65
6/20/23,runnation.com,New Balance,5393,436,$875,$35
6/20/23,runnation.com,Saucony,4376,437,"$1,485",$45
6/20/23,runnation.com,Nike,4282,270,$570,$30
6/20/23,runnation.com,Asics,4245,184,$140,$35
6/20/23,runnation.com,Brooks,3317,353,"$1,120",$40
6/20/23,runnation.com,Altra,2846,204,$480,$40
6/20/23,runnation.com,Adidas,2805,170,$528,$44
6/20/23,runnation.com,Mizuno,921,38,$100,$50
6/20/23,runnation.com,Under Armour,492,35,$20,$20
6/21/23,runnation.com,Hoka,11814,856,"$4,575",$61
6/21/23,runnation.com,On Cloud,8932,962,"$3,000",$60
6/21/23,runnation.com,New Balance,5129,366,$560,$35
6/21/23,runnation.com,Nike,4926,277,$630,$30
6/21/23,runnation.com,Asics,4277,179,$315,$35
6/21/23,runnation.com,Brooks,3728,299,"$1,040",$40
6/21/23,runnation.com,Saucony,3607,303,$990,$45
6/21/23,runnation.com,Adidas,3481,259,$516,$43
6/21/23,runnation.com,Altra,2794,134,$280,$40
6/21/23,runnation.com,Mizuno,939,51,$150,$50
6/21/23,runnation.com,Under Armour,498,37,$40,$20
6/22/23,runnation.com,Hoka,10866,638,"$3,510",$65
6/22/23,runnation.com,On Cloud,10564,810,"$3,960",$60
6/22/23,runnation.com,New Balance,5871,352,$735,$35
6/22/23,runnation.com,Asics,4430,251,$245,$35
6/22/23,runnation.com,Nike,4026,337,$720,$30
6/22/23,runnation.com,Brooks,3743,415,"$1,120",$40
6/22/23,runnation.com,Saucony,3243,168,$585,$45
6/22/23,runnation.com,Adidas,2686,197,$546,$42
6/22/23,runnation.com,Altra,2504,144,$280,$40
6/22/23,runnation.com,Mizuno,833,45,$100,$50
6/22/23,runnation.com,Under Armour,500,28,$20,$20
6/23/23,runnation.com,Hoka,11704,809,"$3,717",$63
6/23/23,runnation.com,On Cloud,9814,768,"$3,600",$60
6/23/23,runnation.com,Nike,5030,301,$600,$30
6/23/23,runnation.com,Saucony,4950,325,"$1,080",$45
6/23/23,runnation.com,New Balance,4698,369,$630,$35
6/23/23,runnation.com,Asics,4263,259,$280,$35
6/23/23,runnation.com,Brooks,3651,345,$960,$40
6/23/23,runnation.com,Altra,2675,174,$320,$40
6/23/23,runnation.com,Adidas,2520,186,$572,$44
6/23/23,runnation.com,Mizuno,989,81,$150,$50
6/23/23,runnation.com,Under Armour,530,27,$20,$20
6/24/23,runnation.com,On Cloud,9087,861,"$4,320",$60
6/24/23,runnation.com,Hoka,9034,742,"$3,360",$70
6/24/23,runnation.com,New Balance,6447,494,$560,$35
6/24/23,runnation.com,Nike,4860,259,$510,$30
6/24/23,runnation.com,Asics,4293,283,$385,$35
6/24/23,runnation.com,Brooks,4083,348,"$1,240",$40
6/24/23,runnation.com,Saucony,3395,213,$765,$45
6/24/23,runnation.com,Adidas,3222,256,$630,$45
6/24/23,runnation.com,Altra,2602,159,$320,$40
6/24/23,runnation.com,Mizuno,1053,60,$100,$50
6/24/23,runnation.com,Under Armour,485,22,$20,$20
6/25/23,runnation.com,On Cloud,11695,912,"$3,000",$60
6/25/23,runnation.com,Hoka,10752,730,"$4,047",$71
6/25/23,runnation.com,New Balance,4869,300,$630,$35
6/25/23,runnation.com,Nike,4639,353,$690,$30
6/25/23,runnation.com,Saucony,4626,266,$765,$45
6/25/23,runnation.com,Asics,3845,262,$280,$35
6/25/23,runnation.com,Brooks,3235,357,"$1,120",$40
6/25/23,runnation.com,Adidas,3090,205,$588,$42
6/25/23,runnation.com,Altra,2651,139,$320,$40
6/25/23,runnation.com,Mizuno,820,46,$100,$50
6/25/23,runnation.com,Under Armour,437,22,$20,$20
6/26/23,runnation.com,Hoka,11534,639,"$2,415",$69
6/26/23,runnation.com,On Cloud,10623,675,"$3,480",$60
6/26/23,runnation.com,New Balance,5585,494,$805,$35
6/26/23,runnation.com,Saucony,4473,446,"$1,485",$45
6/26/23,runnation.com,Brooks,4268,404,"$1,240",$40
6/26/23,runnation.com,Asics,4235,294,$315,$35
6/26/23,runnation.com,Nike,3951,308,$570,$30
6/26/23,runnation.com,Altra,2921,197,$480,$40
6/26/23,runnation.com,Adidas,2642,229,$450,$45
6/26/23,runnation.com,Mizuno,884,78,$200,$50
6/26/23,runnation.com,Under Armour,434,25,$20,$20
6/27/23,runnation.com,On Cloud,10736,1160,"$4,620",$60
6/27/23,runnation.com,Hoka,9618,501,"$2,376",$72
6/27/23,runnation.com,New Balance,5010,406,$805,$35
6/27/23,runnation.com,Asics,4288,267,$350,$35
6/27/23,runnation.com,Brooks,4252,348,"$1,240",$40
6/27/23,runnation.com,Nike,3873,338,$750,$30
6/27/23,runnation.com,Saucony,3549,334,"$1,035",$45
6/27/23,runnation.com,Adidas,2882,244,$616,$44
6/27/23,runnation.com,Altra,2817,195,$440,$40
6/27/23,runnation.com,Mizuno,1075,57,$200,$50
6/27/23,runnation.com,Under Armour,472,34,$40,$20
6/28/23,runnation.com,On Cloud,9454,662,"$2,220",$60
6/28/23,runnation.com,Hoka,9283,731,"$2,944",$64
6/28/23,runnation.com,Nike,4614,242,$510,$30
6/28/23,runnation.com,Asics,4571,238,$420,$35
6/28/23,runnation.com,Saucony,4502,387,"$1,260",$45
6/28/23,runnation.com,Brooks,4122,411,"$1,320",$40
6/28/23,runnation.com,New Balance,4043,331,$560,$35
6/28/23,runnation.com,Adidas,3004,264,$810,$45
6/28/23,runnation.com,Altra,2882,142,$280,$40
6/28/23,runnation.com,Mizuno,1083,62,$150,$50
6/28/23,runnation.com,Under Armour,584,27,$20,$20
6/29/23,runnation.com,On Cloud,11840,867,"$4,620",$60
6/29/23,runnation.com,Hoka,9843,694,"$4,002",$69
6/29/23,runnation.com,Nike,4985,273,$540,$30
6/29/23,runnation.com,Saucony,4658,297,"$1,035",$45
6/29/23,runnation.com,Asics,4538,257,$350,$35
6/29/23,runnation.com,New Balance,4073,224,$455,$35
6/29/23,runnation.com,Brooks,3746,420,"$1,120",$40
6/29/23,runnation.com,Adidas,3436,254,$588,$42
6/29/23,runnation.com,Altra,2580,200,$440,$40
6/29/23,runnation.com,Mizuno,886,59,$200,$50
6/29/23,runnation.com,Under Armour,485,24,$20,$20
6/30/23,runnation.com,On Cloud,11739,1216,"$4,500",$60
6/30/23,runnation.com,Hoka,11725,859,"$3,942",$73
6/30/23,runnation.com,New Balance,4332,310,$630,$35
6/30/23,runnation.com,Asics,4243,243,$210,$35
6/30/23,runnation.com,Brooks,3989,405,"$1,440",$40
6/30/23,runnation.com,Nike,3846,231,$450,$30
6/30/23,runnation.com,Saucony,3492,193,$720,$45
6/30/23,runnation.com,Adidas,3397,275,$560,$40
6/30/23,runnation.com,Altra,2838,151,$280,$40
6/30/23,runnation.com,Mizuno,1036,66,$150,$50
6/30/23,runnation.com,Under Armour,422,19,$20,$20
7/1/23,runnation.com,Hoka,12339,1062,"$4,225",$65
7/1/23,runnation.com,On Cloud,12207,1001,"$3,060",$60
7/1/23,runnation.com,New Balance,4815,400,$665,$35
7/1/23,runnation.com,Asics,4536,297,$525,$35
7/1/23,runnation.com,Saucony,4437,253,$855,$45
7/1/23,runnation.com,Nike,4226,286,$690,$30
7/1/23,runnation.com,Brooks,3908,397,"$1,360",$40
7/1/23,runnation.com,Altra,2920,144,$320,$40
7/1/23,runnation.com,Adidas,2533,145,$360,$40
7/1/23,runnation.com,Mizuno,1153,78,$200,$50
7/1/23,runnation.com,Under Armour,323,17,$20,$20
7/2/23,runnation.com,On Cloud,10433,905,"$4,920",$60
7/2/23,runnation.com,Hoka,9724,840,"$3,420",$60
7/2/23,runnation.com,New Balance,4889,328,$525,$35
7/2/23,runnation.com,Brooks,4475,471,"$1,280",$40
7/2/23,runnation.com,Saucony,3988,353,"$1,125",$45
7/2/23,runnation.com,Asics,3892,192,$280,$35
7/2/23,runnation.com,Nike,3652,245,$510,$30
7/2/23,runnation.com,Adidas,3278,170,$396,$44
7/2/23,runnation.com,Altra,2822,171,$280,$40
7/2/23,runnation.com,Mizuno,870,65,$150,$50
7/2/23,runnation.com,Under Armour,314,24,$20,$20
7/3/23,runnation.com,On Cloud,12422,1234,"$6,240",$60
7/3/23,runnation.com,Hoka,11174,860,"$3,996",$74
7/3/23,runnation.com,New Balance,6395,434,$595,$35
7/3/23,runnation.com,Nike,4577,334,$750,$30
7/3/23,runnation.com,Asics,4081,196,$210,$35
7/3/23,runnation.com,Saucony,4021,205,$585,$45
7/3/23,runnation.com,Brooks,3487,368,"$1,160",$40
7/3/23,runnation.com,Adidas,3398,285,$516,$43
7/3/23,runnation.com,Altra,2750,204,$480,$40
7/3/23,runnation.com,Mizuno,958,71,$200,$50
7/3/23,runnation.com,Under Armour,435,31,$40,$20
7/4/23,runnation.com,On Cloud,10872,1166,"$4,800",$60
7/4/23,runnation.com,Hoka,9712,634,"$3,498",$66
7/4/23,runnation.com,New Balance,5983,455,$840,$35
7/4/23,runnation.com,Saucony,4493,229,$720,$45
7/4/23,runnation.com,Nike,4288,273,$600,$30
7/4/23,runnation.com,Asics,4020,218,$175,$35
7/4/23,runnation.com,Brooks,3470,336,"$1,080",$40
7/4/23,runnation.com,Adidas,3359,289,$602,$43
7/4/23,runnation.com,Altra,2935,162,$400,$40
7/4/23,runnation.com,Mizuno,1199,73,$250,$50
7/4/23,runnation.com,Under Armour,386,26,$20,$20
7/5/23,runnation.com,Hoka,10798,729,"$3,843",$63
7/5/23,runnation.com,On Cloud,9670,628,"$3,300",$60
7/5/23,runnation.com,New Balance,4832,363,$560,$35
7/5/23,runnation.com,Asics,4577,246,$385,$35
7/5/23,runnation.com,Nike,4529,244,$480,$30
7/5/23,runnation.com,Brooks,4454,490,"$1,360",$40
7/5/23,runnation.com,Saucony,4294,226,$765,$45
7/5/23,runnation.com,Adidas,3259,210,$574,$41
7/5/23,runnation.com,Altra,2517,174,$320,$40
7/5/23,runnation.com,Mizuno,942,76,$250,$50
7/5/23,runnation.com,Under Armour,437,29,$20,$20
7/6/23,runnation.com,Hoka,11351,842,"$4,340",$62
7/6/23,runnation.com,On Cloud,9897,836,"$4,440",$60
7/6/23,runnation.com,New Balance,5348,416,$700,$35
7/6/23,runnation.com,Saucony,4659,434,"$1,350",$45
7/6/23,runnation.com,Nike,4500,314,$720,$30
7/6/23,runnation.com,Brooks,4011,362,"$1,000",$40
7/6/23,runnation.com,Asics,4002,226,$210,$35
7/6/23,runnation.com,Adidas,3039,215,$516,$43
7/6/23,runnation.com,Altra,2550,143,$280,$40
7/6/23,runnation.com,Mizuno,1040,79,$250,$50
7/6/23,runnation.com,Under Armour,417,21,$20,$20
7/7/23,runnation.com,Hoka,12682,665,"$2,925",$75
7/7/23,runnation.com,On Cloud,10040,814,"$3,900",$60
7/7/23,runnation.com,New Balance,5012,437,$805,$35
7/7/23,runnation.com,Asics,4486,312,$315,$35
7/7/23,runnation.com,Nike,4070,227,$450,$30
7/7/23,runnation.com,Brooks,3641,327,$960,$40
7/7/23,runnation.com,Saucony,3327,303,"$1,035",$45
7/7/23,runnation.com,Altra,2854,129,$320,$40
7/7/23,runnation.com,Adidas,2806,241,$630,$42
7/7/23,runnation.com,Mizuno,811,39,$100,$50
7/7/23,runnation.com,Under Armour,306,22,$20,$20
7/8/23,runnation.com,On Cloud,11714,1076,"$4,320",$60
7/8/23,runnation.com,Hoka,10679,657,"$3,835",$65
7/8/23,runnation.com,New Balance,6469,419,$595,$35
7/8/23,runnation.com,Nike,4242,331,$690,$30
7/8/23,runnation.com,Brooks,3950,348,$960,$40
7/8/23,runnation.com,Asics,3905,163,$315,$35
7/8/23,runnation.com,Saucony,3764,285,$810,$45
7/8/23,runnation.com,Adidas,3226,206,$504,$42
7/8/23,runnation.com,Altra,2542,139,$240,$40
7/8/23,runnation.com,Mizuno,868,59,$200,$50
7/8/23,runnation.com,Under Armour,415,32,$20,$20
7/9/23,runnation.com,Hoka,11538,903,"$5,214",$66
7/9/23,runnation.com,On Cloud,9499,814,"$3,060",$60
7/9/23,runnation.com,New Balance,5357,443,$910,$35
7/9/23,runnation.com,Nike,4496,328,$750,$30
7/9/23,runnation.com,Asics,4372,264,$350,$35
7/9/23,runnation.com,Brooks,3466,285,$840,$40
7/9/23,runnation.com,Saucony,3358,242,$675,$45
7/9/23,runnation.com,Adidas,2575,141,$252,$42
7/9/23,runnation.com,Altra,2574,104,$280,$40
7/9/23,runnation.com,Mizuno,828,61,$200,$50
7/9/23,runnation.com,Under Armour,315,25,$20,$20
7/10/23,runnation.com,On Cloud,11493,703,"$2,580",$60
7/10/23,runnation.com,Hoka,11157,980,"$4,830",$69
7/10/23,runnation.com,New Balance,4607,288,$385,$35
7/10/23,runnation.com,Brooks,4463,425,"$1,440",$40
7/10/23,runnation.com,Saucony,4097,389,"$1,260",$45
7/10/23,runnation.com,Asics,3882,260,$315,$35
7/10/23,runnation.com,Nike,3877,200,$390,$30
7/10/23,runnation.com,Altra,2963,201,$480,$40
7/10/23,runnation.com,Adidas,2936,189,$328,$41
7/10/23,runnation.com,Mizuno,1043,49,$150,$50
7/10/23,runnation.com,Under Armour,391,21,$20,$20
7/11/23,runnation.com,Hoka,9801,612,"$3,575",$65
7/11/23,runnation.com,On Cloud,9519,819,"$3,720",$60
7/11/23,runnation.com,New Balance,5752,448,$700,$35
7/11/23,runnation.com,Asics,4580,252,$420,$35
7/11/23,runnation.com,Nike,4200,228,$510,$30
7/11/23,runnation.com,Brooks,3719,307,$920,$40
7/11/23,runnation.com,Saucony,3669,197,$630,$45
7/11/23,runnation.com,Adidas,2736,230,$600,$40
7/11/23,runnation.com,Altra,2509,130,$280,$40
7/11/23,runnation.com,Mizuno,846,73,$250,$50
7/11/23,runnation.com,Under Armour,430,20,$20,$20
7/12/23,runnation.com,On Cloud,11639,1112,"$5,940",$60
7/12/23,runnation.com,Hoka,10649,927,"$4,672",$73
7/12/23,runnation.com,New Balance,5192,281,$420,$35
7/12/23,runnation.com,Saucony,4805,327,"$1,035",$45
7/12/23,runnation.com,Asics,3879,226,$280,$35
7/12/23,runnation.com,Nike,3549,198,$450,$30
7/12/23,runnation.com,Brooks,3211,385,"$1,080",$40
7/12/23,runnation.com,Altra,2548,139,$240,$40
7/12/23,runnation.com,Adidas,2505,214,$540,$45
7/12/23,runnation.com,Mizuno,955,51,$150,$50
7/12/23,runnation.com,Under Armour,364,19,$20,$20
7/13/23,runnation.com,On Cloud,11946,1266,"$5,640",$60
7/13/23,runnation.com,Hoka,11399,797,"$3,468",$68
7/13/23,runnation.com,New Balance,4635,328,$630,$35
7/13/23,runnation.com,Asics,4102,236,$350,$35
7/13/23,runnation.com,Nike,3999,211,$480,$30
7/13/23,runnation.com,Brooks,3599,397,"$1,400",$40
7/13/23,runnation.com,Saucony,3388,300,$945,$45
7/13/23,runnation.com,Altra,2941,214,$400,$40
7/13/23,runnation.com,Adidas,2851,226,$645,$43
7/13/23,runnation.com,Mizuno,884,79,$250,$50
7/13/23,runnation.com,Under Armour,379,20,$20,$20
7/14/23,runnation.com,Hoka,11256,882,"$5,110",$70
7/14/23,runnation.com,On Cloud,10731,935,"$3,840",$60
7/14/23,runnation.com,New Balance,5287,302,$560,$35
7/14/23,runnation.com,Asics,4563,259,$420,$35
7/14/23,runnation.com,Nike,4332,381,$900,$30
7/14/23,runnation.com,Saucony,3505,269,$765,$45
7/14/23,runnation.com,Adidas,3328,253,$600,$40
7/14/23,runnation.com,Brooks,3316,374,$920,$40
7/14/23,runnation.com,Altra,2798,194,$440,$40
7/14/23,runnation.com,Mizuno,1179,63,$200,$50
7/14/23,runnation.com,Under Armour,349,18,$20,$20
7/15/23,runnation.com,On Cloud,11173,729,"$3,300",$60
7/15/23,runnation.com,Hoka,9639,643,"$3,024",$63
7/15/23,runnation.com,New Balance,4883,266,$420,$35
7/15/23,runnation.com,Nike,4217,313,$570,$30
7/15/23,runnation.com,Asics,4137,251,$210,$35
7/15/23,runnation.com,Saucony,3600,190,$540,$45
7/15/23,runnation.com,Brooks,3070,320,"$1,080",$40
7/15/23,runnation.com,Altra,2915,210,$480,$40
7/15/23,runnation.com,Adidas,2645,193,$540,$45
7/15/23,runnation.com,Mizuno,1039,73,$150,$50
7/15/23,runnation.com,Under Armour,381,18,$20,$20
7/16/23,runnation.com,Hoka,11361,934,"$5,148",$66
7/16/23,runnation.com,On Cloud,10635,920,"$4,740",$60
7/16/23,runnation.com,New Balance,4648,269,$455,$35
7/16/23,runnation.com,Asics,4265,237,$350,$35
7/16/23,runnation.com,Saucony,4108,282,$855,$45
7/16/23,runnation.com,Brooks,3540,398,"$1,000",$40
7/16/23,runnation.com,Nike,3509,306,$720,$30
7/16/23,runnation.com,Adidas,3468,266,$600,$40
7/16/23,runnation.com,Altra,2683,124,$320,$40
7/16/23,runnation.com,Mizuno,802,65,$200,$50
7/16/23,runnation.com,Under Armour,373,18,$20,$20
7/17/23,runnation.com,Hoka,11142,733,"$2,728",$62
7/17/23,runnation.com,On Cloud,10433,760,"$2,340",$60
7/17/23,runnation.com,Saucony,4778,462,"$1,530",$45
7/17/23,runnation.com,New Balance,4771,298,$455,$35
7/17/23,runnation.com,Nike,4456,395,$750,$30
7/17/23,runnation.com,Asics,4399,277,$315,$35
7/17/23,runnation.com,Brooks,4281,435,"$1,320",$40
7/17/23,runnation.com,Altra,2956,132,$280,$40
7/17/23,runnation.com,Adidas,2651,195,$492,$41
7/17/23,runnation.com,Mizuno,1084,44,$150,$50
7/17/23,runnation.com,Under Armour,339,27,$20,$20
7/18/23,runnation.com,On Cloud,12347,835,"$4,200",$60
7/18/23,runnation.com,Hoka,9399,763,"$2,772",$63
7/18/23,runnation.com,New Balance,5634,437,$840,$35
7/18/23,runnation.com,Asics,4435,223,$385,$35
7/18/23,runnation.com,Nike,4351,383,$900,$30
7/18/23,runnation.com,Brooks,3600,337,"$1,000",$40
7/18/23,runnation.com,Saucony,3598,212,$675,$45
7/18/23,runnation.com,Adidas,3245,256,$600,$40
7/18/23,runnation.com,Altra,2525,137,$240,$40
7/18/23,runnation.com,Mizuno,1151,60,$100,$50
7/18/23,runnation.com,Under Armour,449,26,$20,$20
7/19/23,runnation.com,Hoka,11580,615,"$3,795",$69
7/19/23,runnation.com,On Cloud,9803,986,"$4,200",$60
7/19/23,runnation.com,New Balance,5371,389,$665,$35
7/19/23,runnation.com,Asics,4344,294,$315,$35
7/19/23,runnation.com,Nike,4231,241,$570,$30
7/19/23,runnation.com,Saucony,3998,328,$945,$45
7/19/23,runnation.com,Brooks,3951,433,"$1,080",$40
7/19/23,runnation.com,Adidas,3017,223,$660,$44
7/19/23,runnation.com,Altra,2743,205,$400,$40
7/19/23,runnation.com,Mizuno,878,65,$150,$50
7/19/23,runnation.com,Under Armour,364,25,$20,$20
7/20/23,runnation.com,Hoka,11591,641,"$4,200",$75
7/20/23,runnation.com,On Cloud,10602,1100,"$5,460",$60
7/20/23,runnation.com,New Balance,5063,426,$735,$35
7/20/23,runnation.com,Saucony,4822,436,"$1,395",$45
7/20/23,runnation.com,Brooks,4197,404,"$1,400",$40
7/20/23,runnation.com,Asics,4180,186,$280,$35
7/20/23,runnation.com,Nike,3608,286,$540,$30
7/20/23,runnation.com,Adidas,3108,225,$616,$44
7/20/23,runnation.com,Altra,2546,121,$240,$40
7/20/23,runnation.com,Mizuno,1103,87,$250,$50
7/20/23,runnation.com,Under Armour,398,29,$20,$20
7/21/23,runnation.com,Hoka,12192,728,"$2,613",$67
7/21/23,runnation.com,On Cloud,11962,744,"$3,720",$60
7/21/23,runnation.com,New Balance,4593,317,$595,$35
7/21/23,runnation.com,Brooks,4266,467,"$1,320",$40
7/21/23,runnation.com,Asics,4150,266,$280,$35
7/21/23,runnation.com,Saucony,3919,324,$990,$45
7/21/23,runnation.com,Nike,3859,320,$750,$30
7/21/23,runnation.com,Adidas,3226,288,$836,$44
7/21/23,runnation.com,Altra,2652,207,$480,$40
7/21/23,runnation.com,Mizuno,856,35,$100,$50
7/21/23,runnation.com,Under Armour,343,26,$20,$20
7/22/23,runnation.com,Hoka,11378,610,"$2,508",$66
7/22/23,runnation.com,On Cloud,10934,1043,"$4,740",$60
7/22/23,runnation.com,New Balance,5135,270,$525,$35
7/22/23,runnation.com,Asics,4121,257,$420,$35
7/22/23,runnation.com,Brooks,3608,389,"$1,360",$40
7/22/23,runnation.com,Nike,3555,266,$540,$30
7/22/23,runnation.com,Saucony,3239,263,$945,$45
7/22/23,runnation.com,Altra,2677,200,$400,$40
7/22/23,runnation.com,Adidas,2558,151,$308,$44
7/22/23,runnation.com,Mizuno,1092,95,$200,$50
7/22/23,runnation.com,Under Armour,305,21,$20,$20
7/23/23,runnation.com,On Cloud,10415,915,"$3,420",$60
7/23/23,runnation.com,Hoka,9671,526,"$2,688",$64
7/23/23,runnation.com,New Balance,5188,416,$595,$35
7/23/23,runnation.com,Asics,4597,274,$455,$35
7/23/23,runnation.com,Nike,4587,357,$840,$30
7/23/23,runnation.com,Brooks,4226,485,"$1,200",$40
7/23/23,runnation.com,Saucony,4088,320,$990,$45
7/23/23,runnation.com,Adidas,2998,169,$320,$40
7/23/23,runnation.com,Altra,2721,215,$400,$40
7/23/23,runnation.com,Mizuno,838,44,$100,$50
7/23/23,runnation.com,Under Armour,429,30,$40,$20
7/24/23,runnation.com,On Cloud,10372,831,"$3,960",$60
7/24/23,runnation.com,Hoka,10096,901,"$3,348",$62
7/24/23,runnation.com,New Balance,6237,405,$560,$35
7/24/23,runnation.com,Asics,4480,306,$280,$35
7/24/23,runnation.com,Brooks,4425,445,"$1,440",$40
7/24/23,runnation.com,Nike,3999,271,$570,$30
7/24/23,runnation.com,Saucony,3740,203,$720,$45
7/24/23,runnation.com,Adidas,3365,244,$630,$42
7/24/23,runnation.com,Altra,2557,171,$400,$40
7/24/23,runnation.com,Mizuno,1125,71,$150,$50
7/24/23,runnation.com,Under Armour,304,14,$20,$20
7/25/23,runnation.com,On Cloud,12304,801,"$3,300",$60
7/25/23,runnation.com,Hoka,11637,802,"$3,300",$66
7/25/23,runnation.com,New Balance,5969,394,$665,$35
7/25/23,runnation.com,Nike,4607,250,$600,$30
7/25/23,runnation.com,Asics,4272,247,$280,$35
7/25/23,runnation.com,Brooks,4064,481,"$1,560",$40
7/25/23,runnation.com,Saucony,3358,196,$720,$45
7/25/23,runnation.com,Adidas,3185,233,$675,$45
7/25/23,runnation.com,Altra,2687,198,$320,$40
7/25/23,runnation.com,Mizuno,1001,87,$150,$50
7/25/23,runnation.com,Under Armour,439,23,$20,$20
7/26/23,runnation.com,On Cloud,11773,968,"$4,860",$60
7/26/23,runnation.com,Hoka,11723,970,"$3,780",$60
7/26/23,runnation.com,New Balance,5761,337,$700,$35
7/26/23,runnation.com,Saucony,4076,251,$945,$45
7/26/23,runnation.com,Asics,4042,189,$280,$35
7/26/23,runnation.com,Nike,4002,313,$660,$30
7/26/23,runnation.com,Brooks,3480,413,"$1,040",$40
7/26/23,runnation.com,Altra,2862,208,$520,$40
7/26/23,runnation.com,Adidas,2805,244,$492,$41
7/26/23,runnation.com,Mizuno,971,87,$200,$50
7/26/23,runnation.com,Under Armour,404,28,$40,$20
7/27/23,runnation.com,On Cloud,12377,1143,"$5,940",$60
7/27/23,runnation.com,Hoka,11480,829,"$3,350",$67
7/27/23,runnation.com,New Balance,4731,274,$490,$35
7/27/23,runnation.com,Saucony,4040,204,$585,$45
7/27/23,runnation.com,Asics,3821,258,$420,$35
7/27/23,runnation.com,Brooks,3808,404,"$1,000",$40
7/27/23,runnation.com,Nike,3785,256,$510,$30
7/27/23,runnation.com,Adidas,2867,212,$616,$44
7/27/23,runnation.com,Altra,2662,184,$400,$40
7/27/23,runnation.com,Mizuno,893,62,$150,$50
7/27/23,runnation.com,Under Armour,375,29,$20,$20
7/28/23,runnation.com,On Cloud,11861,727,"$2,520",$60
7/28/23,runnation.com,Hoka,11184,772,"$2,646",$63
7/28/23,runnation.com,New Balance,6468,343,$525,$35
7/28/23,runnation.com,Saucony,4807,403,"$1,170",$45
7/28/23,runnation.com,Asics,3927,189,$140,$35
7/28/23,runnation.com,Nike,3903,231,$480,$30
7/28/23,runnation.com,Brooks,3719,339,$960,$40
7/28/23,runnation.com,Adidas,3466,277,$615,$41
7/28/23,runnation.com,Altra,2562,175,$320,$40
7/28/23,runnation.com,Mizuno,1170,91,$250,$50
7/28/23,runnation.com,Under Armour,448,23,$20,$20
7/29/23,runnation.com,Hoka,10560,803,"$5,040",$72
7/29/23,runnation.com,On Cloud,9522,798,"$2,400",$60
7/29/23,runnation.com,New Balance,5635,444,$560,$35
7/29/23,runnation.com,Nike,4397,228,$540,$30
7/29/23,runnation.com,Asics,4239,194,$245,$35
7/29/23,runnation.com,Brooks,4110,437,"$1,080",$40
7/29/23,runnation.com,Saucony,3214,297,"$1,080",$45
7/29/23,runnation.com,Altra,2863,132,$280,$40
7/29/23,runnation.com,Adidas,2820,193,$484,$44
7/29/23,runnation.com,Mizuno,1200,104,$250,$50
7/29/23,runnation.com,Under Armour,338,16,$20,$20
7/30/23,runnation.com,Hoka,10469,899,"$3,224",$62
7/30/23,runnation.com,On Cloud,10377,716,"$3,240",$60
7/30/23,runnation.com,New Balance,5891,444,$945,$35
7/30/23,runnation.com,Asics,4034,250,$385,$35
7/30/23,runnation.com,Saucony,3807,328,"$1,035",$45
7/30/23,runnation.com,Nike,3573,309,$600,$30
7/30/23,runnation.com,Brooks,3415,339,"$1,200",$40
7/30/23,runnation.com,Altra,2737,171,$320,$40
7/30/23,runnation.com,Adidas,2707,219,$660,$44
7/30/23,runnation.com,Mizuno,1078,84,$200,$50
7/30/23,runnation.com,Under Armour,407,17,$20,$20
7/31/23,runnation.com,On Cloud,12446,1174,"$4,200",$60
7/31/23,runnation.com,Hoka,11730,914,"$3,050",$61
7/31/23,runnation.com,New Balance,6462,502,$980,$35
7/31/23,runnation.com,Nike,4400,255,$600,$30
7/31/23,runnation.com,Asics,4150,230,$315,$35
7/31/23,runnation.com,Saucony,3669,195,$675,$45
7/31/23,runnation.com,Adidas,3412,290,$630,$42
7/31/23,runnation.com,Brooks,3051,362,"$1,280",$40
7/31/23,runnation.com,Altra,2720,201,$440,$40
7/31/23,runnation.com,Mizuno,921,73,$200,$50
7/31/23,runnation.com,Under Armour,378,16,$20,$20
8/1/23,runnation.com,On Cloud,12400,867,"$3,540",$60
8/1/23,runnation.com,Hoka,12013,892,"$3,128",$68
8/1/23,runnation.com,New Balance,5403,430,$700,$35
8/1/23,runnation.com,Brooks,4448,465,"$1,360",$40
8/1/23,runnation.com,Saucony,4022,253,$810,$45
8/1/23,runnation.com,Asics,4013,182,$175,$35
8/1/23,runnation.com,Nike,3821,268,$630,$30
8/1/23,runnation.com,Adidas,2892,249,$765,$45
8/1/23,runnation.com,Altra,2701,136,$280,$40
8/1/23,runnation.com,Mizuno,934,38,$100,$50
8/1/23,runnation.com,Under Armour,256,14,$20,$20
8/2/23,runnation.com,On Cloud,11839,1275,"$5,580",$60
8/2/23,runnation.com,Hoka,10827,801,"$3,465",$63
8/2/23,runnation.com,New Balance,4240,262,$560,$35
8/2/23,runnation.com,Saucony,4157,217,$675,$45
8/2/23,runnation.com,Asics,3884,261,$385,$35
8/2/23,runnation.com,Nike,3621,241,$510,$30
8/2/23,runnation.com,Brooks,3459,412,"$1,440",$40
8/2/23,runnation.com,Adidas,3102,232,$630,$42
8/2/23,runnation.com,Altra,2889,196,$440,$40
8/2/23,runnation.com,Mizuno,879,76,$250,$50
8/2/23,runnation.com,Under Armour,248,18,$20,$20
8/3/23,runnation.com,Hoka,11603,723,"$4,096",$64
8/3/23,runnation.com,On Cloud,10380,780,"$3,960",$60
8/3/23,runnation.com,New Balance,5182,389,$560,$35
8/3/23,runnation.com,Asics,4472,243,$280,$35
8/3/23,runnation.com,Nike,4129,362,$780,$30
8/3/23,runnation.com,Brooks,4011,360,"$1,160",$40
8/3/23,runnation.com,Saucony,3585,298,$945,$45
8/3/23,runnation.com,Adidas,3085,258,$602,$43
8/3/23,runnation.com,Altra,2901,164,$360,$40
8/3/23,runnation.com,Mizuno,1132,93,$200,$50
8/3/23,runnation.com,Under Armour,217,13,$20,$20
8/4/23,runnation.com,Hoka,13487,860,"$3,717",$63
8/4/23,runnation.com,On Cloud,12028,1251,"$5,340",$60
8/4/23,runnation.com,Saucony,4239,238,$720,$45
8/4/23,runnation.com,Nike,4105,276,$570,$30
8/4/23,runnation.com,New Balance,4065,294,$350,$35
8/4/23,runnation.com,Asics,4024,234,$350,$35
8/4/23,runnation.com,Brooks,3970,381,"$1,360",$40
8/4/23,runnation.com,Adidas,2615,138,$387,$43
8/4/23,runnation.com,Altra,2572,177,$440,$40
8/4/23,runnation.com,Mizuno,836,41,$150,$50
8/4/23,runnation.com,Under Armour,282,18,$20,$20
8/5/23,runnation.com,Hoka,11567,771,"$3,053",$71
8/5/23,runnation.com,On Cloud,10619,854,"$4,200",$60
8/5/23,runnation.com,New Balance,5522,346,$595,$35
8/5/23,runnation.com,Asics,4550,225,$385,$35
8/5/23,runnation.com,Saucony,4425,370,"$1,035",$45
8/5/23,runnation.com,Nike,3856,283,$600,$30
8/5/23,runnation.com,Adidas,3495,260,$697,$41
8/5/23,runnation.com,Brooks,3491,309,$920,$40
8/5/23,runnation.com,Altra,2875,227,$400,$40
8/5/23,runnation.com,Mizuno,864,50,$100,$50
8/5/23,runnation.com,Under Armour,236,16,$20,$20
8/6/23,runnation.com,Hoka,11241,957,"$4,968",$72
8/6/23,runnation.com,On Cloud,10975,1117,"$3,360",$60
8/6/23,runnation.com,New Balance,5736,462,$910,$35
8/6/23,runnation.com,Asics,3914,217,$280,$35
8/6/23,runnation.com,Saucony,3798,356,"$1,305",$45
8/6/23,runnation.com,Nike,3710,273,$570,$30
8/6/23,runnation.com,Brooks,3650,408,"$1,160",$40
8/6/23,runnation.com,Adidas,3428,279,$660,$44
8/6/23,runnation.com,Altra,2797,116,$280,$40
8/6/23,runnation.com,Mizuno,1178,55,$150,$50
8/6/23,runnation.com,Under Armour,260,13,$20,$20
8/7/23,runnation.com,Hoka,12100,632,"$3,834",$71
8/7/23,runnation.com,On Cloud,11564,1066,"$5,640",$60
8/7/23,runnation.com,New Balance,6495,430,$560,$35
8/7/23,runnation.com,Asics,4461,303,$315,$35
8/7/23,runnation.com,Brooks,4022,356,"$1,120",$40
8/7/23,runnation.com,Saucony,3943,282,$900,$45
8/7/23,runnation.com,Nike,3429,259,$480,$30
8/7/23,runnation.com,Adidas,3342,194,$440,$40
8/7/23,runnation.com,Altra,2802,127,$240,$40
8/7/23,runnation.com,Mizuno,1074,49,$100,$50
8/7/23,runnation.com,Under Armour,286,19,$20,$20
8/8/23,runnation.com,On Cloud,11854,1010,"$5,340",$60
8/8/23,runnation.com,Hoka,10136,695,"$3,712",$64
8/8/23,runnation.com,New Balance,4501,398,$770,$35
8/8/23,runnation.com,Saucony,4303,422,"$1,170",$45
8/8/23,runnation.com,Brooks,4221,342,"$1,160",$40
8/8/23,runnation.com,Asics,4019,261,$385,$35
8/8/23,runnation.com,Nike,3658,295,$600,$30
8/8/23,runnation.com,Adidas,3374,180,$473,$43
8/8/23,runnation.com,Altra,2732,215,$400,$40
8/8/23,runnation.com,Mizuno,1099,78,$200,$50
8/8/23,runnation.com,Under Armour,234,11,$20,$20
8/9/23,runnation.com,On Cloud,10649,716,"$2,280",$60
8/9/23,runnation.com,Hoka,10408,884,"$3,588",$69
8/9/23,runnation.com,Asics,4361,180,$175,$35
8/9/23,runnation.com,New Balance,4259,265,$525,$35
8/9/23,runnation.com,Brooks,3830,395,"$1,040",$40
8/9/23,runnation.com,Nike,3758,289,$600,$30
8/9/23,runnation.com,Saucony,3352,288,$900,$45
8/9/23,runnation.com,Adidas,3295,210,$616,$44
8/9/23,runnation.com,Altra,2821,160,$360,$40
8/9/23,runnation.com,Mizuno,982,45,$100,$50
8/9/23,runnation.com,Under Armour,272,14,$20,$20
8/10/23,runnation.com,On Cloud,11610,1239,"$6,060",$60
8/10/23,runnation.com,Hoka,10753,623,"$3,432",$66
8/10/23,runnation.com,New Balance,5886,509,$735,$35
8/10/23,runnation.com,Saucony,4182,367,"$1,170",$45
8/10/23,runnation.com,Asics,4083,171,$315,$35
8/10/23,runnation.com,Brooks,4015,331,$920,$40
8/10/23,runnation.com,Nike,3756,300,$720,$30
8/10/23,runnation.com,Adidas,3498,213,$585,$45
8/10/23,runnation.com,Altra,2705,184,$400,$40
8/10/23,runnation.com,Mizuno,933,82,$200,$50
8/10/23,runnation.com,Under Armour,297,16,$20,$20
8/11/23,runnation.com,On Cloud,11662,1082,"$5,700",$60
8/11/23,runnation.com,Hoka,10818,580,"$3,195",$71
8/11/23,runnation.com,Saucony,4674,456,"$1,350",$45
8/11/23,runnation.com,New Balance,4151,369,$455,$35
8/11/23,runnation.com,Asics,3824,259,$455,$35
8/11/23,runnation.com,Brooks,3557,392,"$1,240",$40
8/11/23,runnation.com,Nike,3378,184,$360,$30
8/11/23,runnation.com,Adidas,2909,261,$645,$43
8/11/23,runnation.com,Altra,2732,186,$440,$40
8/11/23,runnation.com,Mizuno,1088,60,$200,$50
8/11/23,runnation.com,Under Armour,214,10,$20,$20
8/12/23,runnation.com,On Cloud,11765,804,"$3,720",$60
8/12/23,runnation.com,Hoka,11284,627,"$3,692",$71
8/12/23,runnation.com,New Balance,5677,383,$805,$35
8/12/23,runnation.com,Asics,4363,253,$455,$35
8/12/23,runnation.com,Brooks,4101,412,"$1,200",$40
8/12/23,runnation.com,Saucony,3898,253,$945,$45
8/12/23,runnation.com,Nike,3693,192,$420,$30
8/12/23,runnation.com,Altra,2979,183,$360,$40
8/12/23,runnation.com,Adidas,2675,237,$420,$42
8/12/23,runnation.com,Mizuno,852,44,$100,$50
8/12/23,runnation.com,Under Armour,223,17,$20,$20
8/13/23,runnation.com,On Cloud,12748,1170,"$5,100",$60
8/13/23,runnation.com,Hoka,11687,789,"$2,623",$61
8/13/23,runnation.com,New Balance,4856,381,$770,$35
8/13/23,runnation.com,Asics,4330,179,$245,$35
8/13/23,runnation.com,Saucony,4197,269,$855,$45
8/13/23,runnation.com,Nike,3936,336,$660,$30
8/13/23,runnation.com,Brooks,3522,391,"$1,120",$40
8/13/23,runnation.com,Adidas,3278,227,$630,$45
8/13/23,runnation.com,Altra,2645,189,$320,$40
8/13/23,runnation.com,Mizuno,935,64,$200,$50
8/13/23,runnation.com,Under Armour,239,12,$20,$20
8/14/23,runnation.com,On Cloud,12986,1344,"$6,300",$60
8/14/23,runnation.com,Hoka,10427,808,"$3,024",$63
8/14/23,runnation.com,New Balance,5364,307,$385,$35
8/14/23,runnation.com,Asics,4279,194,$175,$35
8/14/23,runnation.com,Nike,4046,222,$420,$30
8/14/23,runnation.com,Brooks,3789,420,"$1,480",$40
8/14/23,runnation.com,Saucony,3419,236,$810,$45
8/14/23,runnation.com,Adidas,3401,246,$559,$43
8/14/23,runnation.com,Altra,2877,131,$240,$40
8/14/23,runnation.com,Mizuno,1147,95,$300,$50
8/14/23,runnation.com,Under Armour,289,12,$20,$20
8/15/23,runnation.com,On Cloud,11795,781,"$4,080",$60
8/15/23,runnation.com,Hoka,11349,755,"$3,900",$60
8/15/23,runnation.com,New Balance,5988,359,$455,$35
8/15/23,runnation.com,Asics,4212,249,$420,$35
8/15/23,runnation.com,Brooks,3747,347,"$1,040",$40
8/15/23,runnation.com,Nike,3704,198,$390,$30
8/15/23,runnation.com,Saucony,3625,347,$990,$45
8/15/23,runnation.com,Altra,2689,143,$240,$40
8/15/23,runnation.com,Adidas,2577,168,$369,$41
8/15/23,runnation.com,Mizuno,957,56,$150,$50
8/15/23,runnation.com,Under Armour,259,20,$20,$20
8/16/23,runnation.com,On Cloud,12515,1278,"$5,880",$60
8/16/23,runnation.com,Hoka,12465,1098,"$4,416",$69
8/16/23,runnation.com,New Balance,5105,282,$385,$35
8/16/23,runnation.com,Saucony,4887,322,$945,$45
8/16/23,runnation.com,Asics,4556,251,$350,$35
8/16/23,runnation.com,Brooks,3829,426,"$1,480",$40
8/16/23,runnation.com,Adidas,3251,228,$616,$44
8/16/23,runnation.com,Nike,3235,209,$450,$30
8/16/23,runnation.com,Altra,2522,167,$320,$40
8/16/23,runnation.com,Mizuno,903,81,$200,$50
8/16/23,runnation.com,Under Armour,257,19,$20,$20
8/17/23,runnation.com,On Cloud,12785,1259,"$4,200",$60
8/17/23,runnation.com,Hoka,11668,629,"$3,640",$70
8/17/23,runnation.com,New Balance,5666,446,$700,$35
8/17/23,runnation.com,Brooks,4427,462,"$1,120",$40
8/17/23,runnation.com,Saucony,4244,307,"$1,035",$45
8/17/23,runnation.com,Asics,4052,198,$315,$35
8/17/23,runnation.com,Nike,3974,292,$630,$30
8/17/23,runnation.com,Adidas,3204,216,$616,$44
8/17/23,runnation.com,Altra,2504,106,$280,$40
8/17/23,runnation.com,Mizuno,843,50,$100,$50
8/17/23,runnation.com,Under Armour,290,16,$20,$20
8/18/23,runnation.com,Hoka,11837,914,"$4,453",$61
8/18/23,runnation.com,On Cloud,10773,834,"$4,020",$60
8/18/23,runnation.com,New Balance,5615,452,$875,$35
8/18/23,runnation.com,Saucony,4855,260,$855,$45
8/18/23,runnation.com,Asics,4567,229,$350,$35
8/18/23,runnation.com,Nike,4000,262,$540,$30
8/18/23,runnation.com,Brooks,3215,320,$840,$40
8/18/23,runnation.com,Altra,2935,151,$280,$40
8/18/23,runnation.com,Adidas,2588,223,$495,$45
8/18/23,runnation.com,Mizuno,1153,66,$150,$50
8/18/23,runnation.com,Under Armour,277,16,$20,$20
8/19/23,runnation.com,Hoka,12074,860,"$4,464",$62
8/19/23,runnation.com,On Cloud,10580,719,"$2,580",$60
8/19/23,runnation.com,New Balance,6394,336,$665,$35
8/19/23,runnation.com,Saucony,4521,284,"$1,035",$45
8/19/23,runnation.com,Asics,4320,222,$280,$35
8/19/23,runnation.com,Brooks,3658,412,"$1,160",$40
8/19/23,runnation.com,Nike,3284,237,$510,$30
8/19/23,runnation.com,Altra,2990,140,$280,$40
8/19/23,runnation.com,Adidas,2813,225,$520,$40
8/19/23,runnation.com,Mizuno,988,45,$150,$50
8/19/23,runnation.com,Under Armour,215,13,$20,$20
8/20/23,runnation.com,Hoka,13190,1078,"$4,087",$67
8/20/23,runnation.com,On Cloud,9853,946,"$4,860",$60
8/20/23,runnation.com,New Balance,5482,385,$770,$35
8/20/23,runnation.com,Asics,4288,175,$315,$35
8/20/23,runnation.com,Saucony,4019,257,$855,$45
8/20/23,runnation.com,Brooks,3920,432,"$1,560",$40
8/20/23,runnation.com,Nike,3678,232,$540,$30
8/20/23,runnation.com,Adidas,3480,276,$680,$40
8/20/23,runnation.com,Altra,2645,111,$200,$40
8/20/23,runnation.com,Mizuno,1125,62,$200,$50
8/20/23,runnation.com,Under Armour,271,19,$20,$20
8/21/23,runnation.com,Hoka,12614,1038,"$5,400",$75
8/21/23,runnation.com,On Cloud,10704,1108,"$3,900",$60
8/21/23,runnation.com,Saucony,4593,271,$855,$45
8/21/23,runnation.com,New Balance,4473,261,$560,$35
8/21/23,runnation.com,Asics,4284,249,$315,$35
8/21/23,runnation.com,Brooks,4227,389,"$1,080",$40
8/21/23,runnation.com,Nike,3970,343,$780,$30
8/21/23,runnation.com,Altra,2984,193,$440,$40
8/21/23,runnation.com,Adidas,2816,209,$451,$41
8/21/23,runnation.com,Mizuno,831,71,$150,$50
8/21/23,runnation.com,Under Armour,290,23,$20,$20
8/22/23,runnation.com,On Cloud,11657,933,"$4,080",$60
8/22/23,runnation.com,Hoka,10951,884,"$4,473",$71
8/22/23,runnation.com,New Balance,5417,272,$455,$35
8/22/23,runnation.com,Asics,4541,193,$315,$35
8/22/23,runnation.com,Nike,3934,241,$540,$30
8/22/23,runnation.com,Saucony,3690,295,"$1,035",$45
8/22/23,runnation.com,Adidas,3055,254,$528,$44
8/22/23,runnation.com,Brooks,3008,348,"$1,040",$40
8/22/23,runnation.com,Altra,2936,180,$320,$40
8/22/23,runnation.com,Mizuno,1136,95,$250,$50
8/22/23,runnation.com,Under Armour,283,20,$20,$20
8/23/23,runnation.com,Hoka,10908,743,"$4,104",$72
8/23/23,runnation.com,On Cloud,10307,776,"$2,580",$60
8/23/23,runnation.com,Saucony,4513,269,$945,$45
8/23/23,runnation.com,New Balance,4400,305,$525,$35
8/23/23,runnation.com,Asics,3800,205,$350,$35
8/23/23,runnation.com,Nike,3647,270,$570,$30
8/23/23,runnation.com,Brooks,3325,371,"$1,040",$40
8/23/23,runnation.com,Altra,2996,227,$480,$40
8/23/23,runnation.com,Adidas,2712,147,$294,$42
8/23/23,runnation.com,Mizuno,1062,92,$200,$50
8/23/23,runnation.com,Under Armour,234,18,$20,$20
8/24/23,runnation.com,On Cloud,12320,1074,"$5,820",$60
8/24/23,runnation.com,Hoka,10208,574,"$2,146",$74
8/24/23,runnation.com,New Balance,6456,544,$630,$35
8/24/23,runnation.com,Asics,3915,214,$315,$35
8/24/23,runnation.com,Saucony,3731,245,$810,$45
8/24/23,runnation.com,Brooks,3611,304,$760,$40
8/24/23,runnation.com,Nike,3347,195,$390,$30
8/24/23,runnation.com,Adidas,3005,212,$560,$40
8/24/23,runnation.com,Altra,2975,154,$280,$40
8/24/23,runnation.com,Mizuno,890,36,$100,$50
8/24/23,runnation.com,Under Armour,233,17,$20,$20
8/25/23,runnation.com,On Cloud,12448,841,"$3,720",$60
8/25/23,runnation.com,Hoka,10031,627,"$3,195",$71
8/25/23,runnation.com,Saucony,4847,429,"$1,215",$45
8/25/23,runnation.com,New Balance,4257,232,$490,$35
8/25/23,runnation.com,Asics,4100,234,$280,$35
8/25/23,runnation.com,Nike,3983,322,$780,$30
8/25/23,runnation.com,Brooks,3284,363,"$1,040",$40
8/25/23,runnation.com,Altra,2982,154,$280,$40
8/25/23,runnation.com,Adidas,2508,139,$360,$45
8/25/23,runnation.com,Mizuno,901,53,$150,$50
8/25/23,runnation.com,Under Armour,241,18,$20,$20
8/26/23,runnation.com,Hoka,11383,926,"$5,538",$71
8/26/23,runnation.com,On Cloud,10881,656,"$3,180",$60
8/26/23,runnation.com,New Balance,4879,385,$700,$35
8/26/23,runnation.com,Saucony,4743,385,"$1,305",$45
8/26/23,runnation.com,Asics,3938,212,$280,$35
8/26/23,runnation.com,Nike,3589,192,$450,$30
8/26/23,runnation.com,Brooks,3290,300,$960,$40
8/26/23,runnation.com,Altra,2735,158,$360,$40
8/26/23,runnation.com,Adidas,2646,220,$484,$44
8/26/23,runnation.com,Mizuno,1031,90,$200,$50
8/26/23,runnation.com,Under Armour,235,14,$20,$20
8/27/23,runnation.com,On Cloud,12853,1174,"$5,400",$60
8/27/23,runnation.com,Hoka,10352,806,"$4,200",$75
8/27/23,runnation.com,New Balance,5970,401,$840,$35
8/27/23,runnation.com,Brooks,4058,378,"$1,040",$40
8/27/23,runnation.com,Saucony,3965,215,$675,$45
8/27/23,runnation.com,Asics,3895,253,$280,$35
8/27/23,runnation.com,Adidas,3467,176,$400,$40
8/27/23,runnation.com,Nike,3386,182,$450,$30
8/27/23,runnation.com,Altra,2754,203,$400,$40
8/27/23,runnation.com,Mizuno,972,50,$150,$50
8/27/23,runnation.com,Under Armour,270,14,$20,$20
8/28/23,runnation.com,Hoka,12731,812,"$4,896",$72
8/28/23,runnation.com,On Cloud,11957,1093,"$3,840",$60
8/28/23,runnation.com,New Balance,5242,344,$525,$35
8/28/23,runnation.com,Nike,4118,282,$660,$30
8/28/23,runnation.com,Asics,4109,219,$210,$35
8/28/23,runnation.com,Saucony,3789,245,$810,$45
8/28/23,runnation.com,Brooks,3600,299,$960,$40
8/28/23,runnation.com,Adidas,3371,237,$688,$43
8/28/23,runnation.com,Altra,2740,112,$280,$40
8/28/23,runnation.com,Mizuno,1096,97,$300,$50
8/28/23,runnation.com,Under Armour,259,16,$20,$20
8/29/23,runnation.com,On Cloud,12544,1369,"$5,760",$60
8/29/23,runnation.com,Hoka,10508,664,"$3,136",$64
8/29/23,runnation.com,New Balance,4704,417,$840,$35
8/29/23,runnation.com,Asics,4176,271,$245,$35
8/29/23,runnation.com,Brooks,4074,337,$920,$40
8/29/23,runnation.com,Saucony,3883,215,$675,$45
8/29/23,runnation.com,Nike,3356,221,$510,$30
8/29/23,runnation.com,Adidas,3283,193,$410,$41
8/29/23,runnation.com,Altra,2766,141,$280,$40
8/29/23,runnation.com,Mizuno,1002,50,$150,$50
8/29/23,runnation.com,Under Armour,281,16,$20,$20
8/30/23,runnation.com,On Cloud,11595,832,"$3,360",$60
8/30/23,runnation.com,Hoka,11239,631,"$3,431",$73
8/30/23,runnation.com,New Balance,6178,498,$875,$35
8/30/23,runnation.com,Saucony,4903,411,"$1,260",$45
8/30/23,runnation.com,Asics,4444,195,$210,$35
8/30/23,runnation.com,Nike,4027,308,$630,$30
8/30/23,runnation.com,Brooks,3429,325,"$1,000",$40
8/30/23,runnation.com,Adidas,3386,247,$697,$41
8/30/23,runnation.com,Altra,2776,208,$400,$40
8/30/23,runnation.com,Mizuno,912,77,$150,$50
8/30/23,runnation.com,Under Armour,262,19,$20,$20
8/31/23,runnation.com,Hoka,13167,942,"$6,075",$75
8/31/23,runnation.com,On Cloud,10773,1174,"$6,060",$60
8/31/23,runnation.com,Saucony,4926,389,"$1,215",$45
8/31/23,runnation.com,New Balance,4607,268,$455,$35
8/31/23,runnation.com,Asics,4586,232,$385,$35
8/31/23,runnation.com,Brooks,3788,442,"$1,120",$40
8/31/23,runnation.com,Adidas,3314,274,$600,$40
8/31/23,runnation.com,Nike,3264,182,$390,$30
8/31/23,runnation.com,Altra,2893,139,$240,$40
8/31/23,runnation.com,Mizuno,819,39,$100,$50
8/31/23,runnation.com,Under Armour,268,12,$20,$20
,,,,,,#DIV/0!
,,,,,,#DIV/0!
,,,,,,#DIV/0!
,,,,,,#DIV/0!
,,,,,,#DIV/0!
,,,,,,#DIV/0!
,,,,,,#DIV/0!
,,,,,,#DIV/0!
,,,,,,#DIV/0!
,,,,,,#DIV/0!
,,,,,,#DIV/0!
,,,,,,#DIV/0!
,,,,,,#DIV/0!
,,,,,,#DIV/0!
,,,,,,#DIV/0!
,,,,,,#DIV/0!
,,,,,,#DIV/0!
,,,,,,#DIV/0!
,,,,,,#DIV/0!
,,,,,,#DIV/0!
,,,,,,#DIV/0!
,,,,,,#DIV/0!
,,,,,,#DIV/0!
,,,,,,#DIV/0!
,,,,,,#DIV/0!
,,,,,,#DIV/0!
,,,,,,#DIV/0!
,,,,,,#DIV/0!
,,,,,,#DIV/0!
,,,,,,#DIV/0!
,,,,,,#DIV/0!
,,,,,,#DIV/0!
,,,,,,#DIV/0!
,,,,,,#DIV/0!
,,,,,,#DIV/0!
,,,,,,#DIV/0!
,,,,,,#DIV/0!
,,,,,,#DIV/0!
,,,,,,#DIV/0!
,,,,,,#DIV/0!
,,,,,,#DIV/0!
,,,,,,#DIV/0!
,,,,,,#DIV/0!
,,,,,,#DIV/0!
,,,,,,#DIV/0!
,,,,,,#DIV/0!
,,,,,,#DIV/0!
,,,,,,#DIV/0!
,,,,,,#DIV/0!
,,,,,,#DIV/0!
,,,,,,#DIV/0!
,,,,,,#DIV/0!
,,,,,,#DIV/0!
,,,,,,#DIV/0!
,,,,,,#DIV/0!
,,,,,,#DIV/0!
,,,,,,#DIV/0!
,,,,,,#DIV/0!
,,,,,,#DIV/0!
,,,,,,#DIV/0!
,,,,,,#DIV/0!
,,,,,,#DIV/0!
,,,,,,#DIV/0!
,,,,,,#DIV/0!
,,,,,,#DIV/0!
,,,,,,#DIV/0!
,,,,,,#DIV/0!
,,,,,,#DIV/0!
,,,,,,#DIV/0!
,,,,,,#DIV/0!
,,,,,,#DIV/0!
,,,,,,#DIV/0!
,,,,,,#DIV/0!
,,,,,,#DIV/0!
,,,,,,#DIV/0!
,,,,,,#DIV/0!
,,,,,,#DIV/0!
,,,,,,#DIV/0!
,,,,,,#DIV/0!
,,,,,,#DIV/0!
,,,,,,#DIV/0!
,,,,,,#DIV/0!
,,,,,,#DIV/0!
,,,,,,#DIV/0!
,,,,,,#DIV/0!
,,,,,,#DIV/0!
,,,,,,#DIV/0!
,,,,,,#DIV/0!
,,,,,,#DIV/0!
,,,,,,#DIV/0!
,,,,,,#DIV/0!
,,,,,,#DIV/0!
,,,,,,#DIV/0!
,,,,,,#DIV/0!
,,,,,,#DIV/0!
,,,,,,#DIV/0!
,,,,,,#DIV/0!
,,,,,,#DIV/0!
,,,,,,#DIV/0!
,,,,,,#DIV/0!
,,,,,,#DIV/0!
,,,,,,#DIV/0!
,,,,,,#DIV/0!
,,,,,,#DIV/0!
,,,,,,#DIV/0!
,,,,,,#DIV/0!
,,,,,,#DIV/0!
,,,,,,#DIV/0!
,,,,,,#DIV/0!
,,,,,,#DIV/0!
,,,,,,#DIV/0!
,,,,,,#DIV/0!
,,,,,,#DIV/0!
,,,,,,#DIV/0!
,,,,,,#DIV/0!
,,,,,,#DIV/0!
,,,,,,#DIV/0!
,,,,,,#DIV/0!
,,,,,,#DIV/0!
,,,,,,#DIV/0!
,,,,,,#DIV/0!
,,,,,,#DIV/0!
,,,,,,#DIV/0!
,,,,,,#DIV/0!
,,,,,,#DIV/0!
,,,,,,#DIV/0!
,,,,,,#DIV/0!
,,,,,,#DIV/0!
,,,,,,#DIV/0!
,,,,,,#DIV/0!
,,,,,,#DIV/0!
,,,,,,#DIV/0!
,,,,,,#DIV/0!
,,,,,,#DIV/0!
,,,,,,#DIV/0!
,,,,,,#DIV/0!
,,,,,,#DIV/0!
,,,,,,#DIV/0!
,,,,,,#DIV/0!
,,,,,,#DIV/0!
,,,,,,#DIV/0!
,,,,,,#DIV/0!
,,,,,,#DIV/0!
,,,,,,#DIV/0!
,,,,,,#DIV/0!
,,,,,,#DIV/0!
,,,,,,#DIV/0!
,,,,,,#DIV/0!
,,,,,,#DIV/0!
,,,,,,#DIV/0!
,,,,,,#DIV/0!
,,,,,,#DIV/0!
,,,,,,#DIV/0!
,,,,,,#DIV/0!
,,,,,,#DIV/0!
,,,,,,#DIV/0!
,,,,,,#DIV/0!
,,,,,,#DIV/0!
,,,,,,#DIV/0!
,,,,,,#DIV/0!
,,,,,,#DIV/0!
,,,,,,#DIV/0!
,,,,,,#DIV/0!
,,,,,,#DIV/0!
,,,,,,#DIV/0!
,,,,,,#DIV/0!
,,,,,,#DIV/0!
,,,,,,#DIV/0!
,,,,,,#DIV/0!
,,,,,,#DIV/0!
,,,,,,#DIV/0!
,,,,,,#DIV/0!
,,,,,,#DIV/0!
,,,,,,#DIV/0!
,,,,,,#DIV/0!
,,,,,,#DIV/0!
,,,,,,#DIV/0!
,,,,,,#DIV/0!
,,,,,,#DIV/0!
,,,,,,#DIV/0!
,,,,,,#DIV/0!
,,,,,,#DIV/0!
,,,,,,#DIV/0!
,,,,,,#DIV/0!
,,,,,,#DIV/0!
,,,,,,#DIV/0!
,,,,,,#DIV/0!
,,,,,,#DIV/0!
,,,,,,#DIV/0!
,,,,,,#DIV/0!
,,,,,,#DIV/0!
,,,,,,#DIV/0!
,,,,,,#DIV/0!
,,,,,,#DIV/0!
,,,,,,#DIV/0!
,,,,,,#DIV/0!
,,,,,,#DIV/0!
,,,,,,#DIV/0!
,,,,,,#DIV/0!
,,,,,,#DIV/0!
,,,,,,#DIV/0!
,,,,,,#DIV/0!
,,,,,,#DIV/0!
,,,,,,#DIV/0!
,,,,,,#DIV/0!
,,,,,,#DIV/0!
,,,,,,#DIV/0!
,,,,,,#DIV/0!
,,,,,,#DIV/0!
,,,,,,#DIV/0!
,,,,,,#DIV/0!
,,,,,,#DIV/0!
,,,,,,#DIV/0!
,,,,,,#DIV/0!
,,,,,,#DIV/0!
,,,,,,#DIV/0!
,,,,,,#DIV/0!
,,,,,,#DIV/0!
,,,,,,#DIV/0!
,,,,,,#DIV/0!
,,,,,,#DIV/0!
,,,,,,#DIV/0!
,,,,,,#DIV/0!
,,,,,,#DIV/0!
,,,,,,#DIV/0!
,,,,,,#DIV/0!
,,,,,,#DIV/0!
,,,,,,#DIV/0!
,,,,,,#DIV/0!
,,,,,,#DIV/0!
,,,,,,#DIV/0!
,,,,,,#DIV/0!
,,,,,,#DIV/0!
,,,,,,#DIV/0!
,,,,,,#DIV/0!
,,,,,,#DIV/0!
,,,,,,#DIV/0!
,,,,,,#DIV/0!
,,,,,,#DIV/0!
,,,,,,#DIV/0!
,,,,,,#DIV/0!
,,,,,,#DIV/0!
,,,,,,#DIV/0!
,,,,,,#DIV/0!
,,,,,,#DIV/0!
,,,,,,#DIV/0!
,,,,,,#DIV/0!
,,,,,,#DIV/0!
,,,,,,#DIV/0!
,,,,,,#DIV/0!
,,,,,,#DIV/0!
,,,,,,#DIV/0!
,,,,,,#DIV/0!
,,,,,,#DIV/0!
,,,,,,#DIV/0!
,,,,,,#DIV/0!
,,,,,,#DIV/0!
,,,,,,#DIV/0!
,,,,,,#DIV/0!
,,,,,,#DIV/0!
,,,,,,#DIV/0!
,,,,,,#DIV/0!
,,,,,,#DIV/0!
,,,,,,#DIV/0!
,,,,,,#DIV/0!
,,,,,,#DIV/0!
,,,,,,#DIV/0!
,,,,,,#DIV/0!
,,,,,,#DIV/0!
,,,,,,#DIV/0!
,,,,,,#DIV/0!
,,,,,,#DIV/0!
,,,,,,#DIV/0!
,,,,,,#DIV/0!
,,,,,,#DIV/0!
,,,,,,#DIV/0!
,,,,,,#DIV/0!
,,,,,,#DIV/0!
,,,,,,#DIV/0!
,,,,,,#DIV/0!
,,,,,,#DIV/0!
,,,,,,#DIV/0!
,,,,,,#DIV/0!
,,,,,,#DIV/0!
,,,,,,#DIV/0!
,,,,,,#DIV/0!
,,,,,,#DIV/0!
,,,,,,#DIV/0!
,,,,,,#DIV/0!
,,,,,,#DIV/0!
,,,,,,#DIV/0!
,,,,,,#DIV/0!
,,,,,,#DIV/0!
,,,,,,#DIV/0!
,,,,,,#DIV/0!
,,,,,,#DIV/0!
,,,,,,#DIV/0!
,,,,,,#DIV/0!
,,,,,,#DIV/0!
,,,,,,#DIV/0!
,,,,,,#DIV/0!
,,,,,,#DIV/0!
,,,,,,#DIV/0!
,,,,,,#DIV/0!
,,,,,,#DIV/0!
,,,,,,#DIV/0!
,,,,,,#DIV/0!
,,,,,,#DIV/0!
,,,,,,#DIV/0!
,,,,,,#DIV/0!
,,,,,,#DIV/0!
,,,,,,#DIV/0!
,,,,,,#DIV/0!
,,,,,,#DIV/0!
,,,,,,#DIV/0!
,,,,,,#DIV/0!
,,,,,,#DIV/0!
,,,,,,#DIV/0!
,,,,,,#DIV/0!
,,,,,,#DIV/0!
,,,,,,#DIV/0!
,,,,,,#DIV/0!
,,,,,,#DIV/0!
,,,,,,#DIV/0!
,,,,,,#DIV/0!
,,,,,,#DIV/0!
,,,,,,#DIV/0!
,,,,,,#DIV/0!
,,,,,,#DIV/0!
,,,,,,#DIV/0!
,,,,,,#DIV/0!
,,,,,,#DIV/0!
,,,,,,#DIV/0!
,,,,,,#DIV/0!
,,,,,,#DIV/0!
,,,,,,#DIV/0!
,,,,,,#DIV/0!
,,,,,,#DIV/0!
,,,,,,#DIV/0!
,,,,,,#DIV/0!
,,,,,,#DIV/0!
,,,,,,#DIV/0!
,,,,,,#DIV/0!
,,,,,,#DIV/0!
,,,,,,#DIV/0!
,,,,,,#DIV/0!
,,,,,,#DIV/0!
,,,,,,#DIV/0!
,,,,,,#DIV/0!
,,,,,,#DIV/0!
,,,,,,#DIV/0!
,,,,,,#DIV/0!
,,,,,,#DIV/0!
,,,,,,#DIV/0!
,,,,,,#DIV/0!
,,,,,,#DIV/0!
,,,,,,#DIV/0!
,,,,,,#DIV/0!
,,,,,,#DIV/0!
,,,,,,#DIV/0!
,,,,,,#DIV/0!
,,,,,,#DIV/0!
,,,,,,#DIV/0!
,,,,,,#DIV/0!
,,,,,,#DIV/0!
,,,,,,#DIV/0!
,,,,,,#DIV/0!
,,,,,,#DIV/0!
,,,,,,#DIV/0!
,,,,,,#DIV/0!
,,,,,,#DIV/0!
,,,,,,#DIV/0!
,,,,,,#DIV/0!
,,,,,,#DIV/0!
,,,,,,#DIV/0!
,,,,,,#DIV/0!
,,,,,,#DIV/0!
,,,,,,#DIV/0!
,,,,,,#DIV/0!
,,,,,,#DIV/0!
,,,,,,#DIV/0!
,,,,,,#DIV/0!
,,,,,,#DIV/0!
,,,,,,#DIV/0!
,,,,,,#DIV/0!
,,,,,,#DIV/0!
,,,,,,#DIV/0!
,,,,,,#DIV/0!
,,,,,,#DIV/0!
,,,,,,#DIV/0!
,,,,,,#DIV/0!
,,,,,,#DIV/0!
,,,,,,#DIV/0!
,,,,,,#DIV/0!
,,,,,,#DIV/0!
,,,,,,#DIV/0!
,,,,,,#DIV/0!
,,,,,,#DIV/0!
,,,,,,#DIV/0!
,,,,,,#DIV/0!
,,,,,,#DIV/0!
,,,,,,#DIV/0!
,,,,,,#DIV/0!
,,,,,,#DIV/0!
,,,,,,#DIV/0!
,,,,,,#DIV/0!
,,,,,,#DIV/0!
,,,,,,#DIV/0!
,,,,,,#DIV/0!
,,,,,,#DIV/0!
,,,,,,#DIV/0!
,,,,,,#DIV/0!
,,,,,,#DIV/0!
,,,,,,#DIV/0!
,,,,,,#DIV/0!
,,,,,,#DIV/0!
,,,,,,#DIV/0!
,,,,,,#DIV/0!
,,,,,,#DIV/0!
,,,,,,#DIV/0!
,,,,,,#DIV/0!
,,,,,,#DIV/0!
,,,,,,#DIV/0!
,,,,,,#DIV/0!
,,,,,,#DIV/0!
,,,,,,#DIV/0!
,,,,,,#DIV/0!
,,,,,,#DIV/0!
,,,,,,#DIV/0!
,,,,,,#DIV/0!
,,,,,,#DIV/0!
,,,,,,#DIV/0!
,,,,,,#DIV/0!
,,,,,,#DIV/0!
,,,,,,#DIV/0!
,,,,,,#DIV/0!
,,,,,,#DIV/0!
,,,,,,#DIV/0!
,,,,,,#DIV/0!
,,,,,,#DIV/0!
,,,,,,#DIV/0!
,,,,,,#DIV/0!
,,,,,,#DIV/0!
,,,,,,#DIV/0!
,,,,,,#DIV/0!
,,,,,,#DIV/0!
,,,,,,#DIV/0!
,,,,,,#DIV/0!
,,,,,,#DIV/0!
,,,,,,#DIV/0!
,,,,,,#DIV/0!
,,,,,,#DIV/0!
,,,,,,#DIV/0!
,,,,,,#DIV/0!
,,,,,,#DIV/0!
,,,,,,#DIV/0!
,,,,,,#DIV/0!
,,,,,,#DIV/0!
,,,,,,#DIV/0!
,,,,,,#DIV/0!
,,,,,,#DIV/0!
,,,,,,#DIV/0!
,,,,,,#DIV/0!
,,,,,,#DIV/0!
,,,,,,#DIV/0!
,,,,,,#DIV/0!
,,,,,,#DIV/0!
,,,,,,#DIV/0!
,,,,,,#DIV/0!
,,,,,,#DIV/0!
,,,,,,#DIV/0!
,,,,,,#DIV/0!
,,,,,,#DIV/0!
,,,,,,#DIV/0!
,,,,,,#DIV/0!
,,,,,,#DIV/0!
,,,,,,#DIV/0!
,,,,,,#DIV/0!
,,,,,,#DIV/0!
,,,,,,#DIV/0!
,,,,,,#DIV/0!
,,,,,,#DIV/0!
,,,,,,#DIV/0!
,,,,,,#DIV/0!
,,,,,,#DIV/0!
,,,,,,#DIV/0!